2921 3526
191 0 220 18 ³
265 0 277 8 '
294 8 301 19 ·
316 0 409 44 ³11*
422 0 732 47 ³³·”2z‘
750 27 756 32 .
823 0 872 33 '⁷:1⁷³
894 0 1020 25 «ὅ
1037 0 1061 36 ·;
1094 5 1096 8 ’
1122 6 1124 8 ’
1186 0 1216 23 *³
1372 4 1374 6 ’
1394 0 1423 33 ³.
1448 0 1893 39 5³³³*sz=>13³=³9;.„«·⁷.-.-.-.s·w
1907 28 1927 39 ,.
2092 1 2097 6 ·
2118 25 2132 33 .
2150 2 2174 23 «Α

288 35 293 43 ι
388 38 404 56 3
481 38 486 43 ι
558 46 560 48 ,
591 41 594 44 .
896 34 897 37 ’
1052 52 1068 57 '—
1309 40 1313 41 ⁷
1479 59 1482 63 ι
1526 33 1548 54 ⁴·
1665 40 1707 63 ’.Δ
1727 39 1735 60 γ’
1792 55 1796 59 .
1818 37 1926 60 '..“*·'
1973 36 2003 50 “’-«
2023 39 2050 59 *⁸¹
2109 43 2116 50 ι
2145 45 2168 59 5«

474 335 477 340 ,
504 319 590 376 via,
621 332 708 376 qua
738 318 853 377 apud
881 318 1080 363 Judaeos
1108 319 1311 364 notiones
1341 320 1396 364 de
1427 320 1577 366 divino
1606 322 1780 366 numine
1809 325 1935 365 ortae
1962 326 2009 365 et
2028 328 2301 381 propagatae
2321 321 2442 366 sunt!
2468 320 2526 368 In
2542 318 2610 368 iis
2622 326 2759 385 cer-tn
2774 314 2778 318 ¹
2820 288 2835 299 ὁ,
2851 316 2873 369 Ἀ
2896 305 2900 309 st

505 391 717 445 quaedam
754 388 971 433 stabilitas
1008 390 1209 444 cernitur,
1238 395 1286 434 ut
1315 404 1380 446 ea,
1423 404 1535 447 quae
1569 391 1705 436 semel
1740 395 1923 447 accepta
1956 392 2245 448 antiquissimi
2284 392 2521 449 scriptores
2544 382 2748 449 vadunt,
2828 395 2839 431 f
2874 393 2882 397 “

505 460 659 503 eodem
689 472 820 503 sensu
849 459 1085 515 scriptores
1106 463 1326 503 extremae
1353 459 1511 504 aetatis
1530 460 1801 505 Judaeorum
1828 459 2060 504 retineant.
2119 454 2253 514 Quae
2263 461 2410 506 Moses
2431 461 2487 506 de
2513 461 2600 507 deo
2619 475 2752 520 praet

503 527 635 584 dicat,
663 528 781 572 idem
811 528 1064 583 Malachias‚
1094 527 1268 572 ultimus
1296 529 1619 586 prophetarum,
1648 529 1887 587 profitetur.
1946 529 2068 573 Libri
2097 530 2153 574 ab
2182 531 2440 588 antiquitate
2464 531 2614 576 traditi
2630 531 2751 578 sacri

503 597 641 642 habiti
669 603 781 651 sunt,
813 612 840 641 a
875 597 1029 654 quibus
1064 611 1120 642 nc
1150 603 1445 642 transversum
1480 612 1670 657 unguem
1705 599 1877 656 quidem
1913 598 2140 643 discedere
2177 604 2416 657 oporteret.
2468 600 2586 654 Quin
2612 601 2748 655 etiam
2783 626 2786 629 ,

504 681 631 722 quum
660 669 821 711 Judaei
850 682 989 724 regno
1021 682 1176 711 everso
1207 670 1286 711 sub
1316 673 1579 724 potestatem
1609 669 1792 712 aliorum
1820 668 2078 725 populorum
2107 670 2276 714 redacti
2310 676 2470 726 essent,
2507 672 2564 714 ad
2592 671 2751 715 consti⁶

503 744 618 781 tutas
639 737 865 792 religionis
885 738 1126 780 sententias
1146 738 1253 780 nihil
1267 739 1464 792 accessit,
1494 740 1611 793 quod
1630 738 1850 794 propriam
1869 738 2095 794 religionis
2115 740 2145 781 J
2148 740 2330 785 udaicae
2349 746 2751 786 naturam-commud

503 811 631 850 taret.
690 808 752 849 At
770 807 884 861 inde,
916 807 1033 862 quod
1063 808 1259 851 Judaeos
1289 806 1563 863 cognitiones
1594 806 1918 863 antiquissimae
1950 807 2107 851 aetatis
2136 809 2379 864 retinuisse,
2411 809 2606 854 Graecos
2635 808 2749 856 tales

502 891 591 920 non
620 875 759 920 solum
790 876 835 920 in
870 877 999 920 aliam
1035 878 1216 920 formam
1245 877 1527 932 convertisse,
1566 879 1644 921 scd
1685 878 1815 922 etiam
1851 877 1982 934 plane
2024 877 2237 922 abiecisse
2282 879 2606 937 disputavimus,
2650 891 2750 922 con·

502 945 679 989 cludere
708 951 854 989 tamen
882 960 972 989 non
1000 946 1104 989 licet
1134 946 1330 988 Graecos
1359 959 1440 1001 per
1467 951 1707 1002 temporum
1737 947 1963 990 decursum
1994 947 2181 1001 denique
2199 949 2382 993 Judaeis
2410 948 2673 993 sublimitate
2702 953 2750 993 et

503 1021 626 1057 certa
654 1015 738 1057 fide
775 1016 998 1057 notionum
1023 1015 1316 1069 praestitisse3
1359 1015 1489 1057 immo
1519 1015 1564 1057 in
1598 1016 1680 1058 hac
1703 1029 1752 1058 re
1777 1016 1822 1058 id
1848 1015 2033 1058 maxime
2058 1015 2209 1058 mirum
2236 1023 2315 1071 est,
2346 1018 2463 1072 quod
2488 1031 2599 1072 quae
2625 1030 2749 1073 prae-

503 1084 624 1128 clara
644 1090 745 1141 post
766 1084 901 1128 multa
922 1084 1090 1127 demum
1112 1083 1290 1128 saecula
1309 1083 1515 1127 continuo
1543 1083 1889 1128 doctissimorum
1909 1083 2099 1128 virorum
2125 1084 2267 1130 studio
2295 1092 2421 1143 parta
2440 1100 2520 1131 sua
2538 1086 2747 1131 tenebant

504 1153 677 1209 Graeci,
708 1154 736 1196 J
741 1154 889 1196 udaeis
920 1153 1103 1196 eadem
1092 1166 1177 1195 1am
1198 1152 1523 1208 antiquissimis,
1554 1154 1667 1196 unde
1686 1154 1813 1196 nobis
1833 1154 2038 1196 traditum
2057 1158 2137 1209 est,
2168 1156 2435 1211 temporibus
2457 1156 2744 1211 contigerant.

505 1225 626 1276 Quae
657 1237 726 1265 res
758 1235 1014 1276 quamquam
1046 1222 1190 1264 multis
1221 1236 1275 1264 ex
1304 1223 1500 1277 partibus
1529 1223 1758 1264 manifesta
1786 1228 1855 1265 est
1889 1229 1935 1265 et
1970 1236 2023 1265 eo
2054 1224 2193 1278 magis
2223 1225 2278 1266 ad
2306 1224 2605 1279 inquirendum
2635 1239 2748 1268 com-

502 1294 640 1350 pellit,
677 1293 792 1347 quod
830 1306 958 1346 quum
988 1292 1148 1334 Graeci
1183 1292 1238 1333 ab
1271 1291 1467 1334 omnibus
1505 1292 1775 1346 antiquitatis
1811 1292 2083 1348 peritissimis
2117 1293 2174 1335 ob
2212 1294 2368 1337 mentis
2405 1293 2543 1338 aciem
2580 1299 2624 1338 et
2652 1293 2745 1338 veri

502 1362 795 1420 investigandi
814 1361 1000 1407 studium
1021 1366 1141 1406 recte
1161 1360 1338 1405 summis
1358 1360 1558 1407 laudibus
1579 1362 1826 1419 efferantur,
1848 1362 2006 1421 quippe
2037 1362 2110 1419 qui
2131 1362 2175 1407 in
2197 1363 2393 1410 omnibus
2413 1378 2597 1422 poeseos
2619 1377 2746 1422 gene·

500 1434 618 1478 ribus
649 1445 784 1490 opera
814 1430 1010 1476 omnibus
1030 1431 1219 1475 numeris
1240 1442 1375 1486 usque
1401 1431 1458 1475 ad
1483 1436 1676 1475 nostram
1703 1437 1891 1476 aetatem
1911 1434 2108 1490 perfecta
2133 1435 2457 1490 composuerint
2478 1442 2523 1478 et
2543 1435 2745 1492 gravissi·

502 1518 664 1546 marum
694 1502 1018 1558 disciplinarum
1047 1502 1326 1543 fundamenta
1354 1501 1550 1555 iecerint,
1578 1502 1739 1544 Judaei
1768 1503 1812 1544 in
1842 1503 1981 1544 literis
2017 1517 2169 1558 parum
2194 1505 2485 1558 profecerunt,
2522 1505 2594 1558 qui
2618 1505 2744 1559 poesi

501 1574 741 1616 dramatiea
768 1573 898 1629 plane
929 1570 1134 1627 neglecta
1163 1576 1208 1612 et
1237 1571 1362 1627 epiea
1381 1570 1660 1613 mediocriter
1684 1576 1875 1615 tractata
1893 1571 2072 1628 lyricam
2087 1577 2254 1615 tantum
2279 1573 2484 1616 maiorem
2505 1572 2549 1616 in
2571 1573 2742 1617 modum

501 1643 725 1687 coluerunt
757 1647 802 1685 et
829 1642 873 1684 in
904 1655 1035 1696 prosa
1064 1641 1262 1683 oratione
1295 1640 1509 1683 historicis
1540 1641 1712 1697 scriptis
1748 1642 1977 1684 maximam
2006 1655 2182 1698 operam
2213 1647 2441 1697 navarunt,
2470 1648 2615 1686 tamen
2643 1656 2745 1697 quo·

501 1713 630 1756 modo
655 1712 741 1756 ista
769 1725 839 1756 res
859 1711 977 1755 sacta
996 1709 1065 1764 sit,
1097 1709 1352 1765 levissimas,
1384 1716 1432 1754 ut
1450 1709 1619 1767 opinor,
1650 1710 1721 1755 vel
1750 1710 1892 1755 nullas
1919 1724 2073 1756 causas
2098 1711 2180 1756 viri
2200 1711 2319 1756 docti
2336 1713 2573 1769 proferunt.
2630 1712 2742 1757 Nam

500 1782 617 1838 quod
654 1781 764 1826 hanc
799 1779 1025 1837 religionis
1064 1779 1352 1824 differentiam
1380 1779 1495 1823 inter
1514 1780 1710 1840 Judaeos
1740 1784 1785 1824 et
1814 1781 2023 1837 Graecos,
2055 1793 2165 1837 quae
2185 1782 2368 1826 Judaeis
2395 1782 2506 1826 bene
2525 1782 2654 1839 cedit,
2686 1795 2741 1827 ex

498 1859 709 1895 terrarum
741 1852 838 1905 situ,
871 1864 977 1904 quas
1007 1850 1272 1903 incolebant,
1301 1850 1582 1904 interpretari
1613 1856 1839 1904 conantur,
1871 1852 2087 1905 quomodo
2116 1852 2160 1894 in
2191 1866 2245 1895 ea
2273 1866 2321 1895 re
2352 1852 2511 1896 Graeci
2541 1852 2741 1896 damnum

497 1922 691 1976 fecerint,
723 1935 810 1964 non
841 1920 984 1965 video.
1046 1920 1166 1973 Quae
1196 1933 1267 1963 res
1299 1931 1428 1974 quum
1457 1919 1520 1962 ita
1548 1918 1616 1974 sit,
1646 1933 1702 1963 ne
1731 1920 1878 1963 Bauer
1906 1919 2091 1976 quidem,
2122 1925 2171 1965 ut
2197 1921 2309 1966 hanc
2340 1921 2606 1977 quaestionis
2636 1921 2742 1966 diffi-

498 1992 702 2035 cultatem
733 1991 875 2045 tollat,
907 1991 962 2033 ad
990 1989 1111 2032 illam
1143 1989 1405 2032 christianae
1435 1987 1661 2044 religionis
1692 1989 1934 2032 doctrinam
1963 1990 2198 2046 confugere
2232 2004 2321 2034 non
2352 1992 2533 2046 dubitat,
2571 2005 2625 2035 ex
2654 2005 2741 2047 qua

496 2062 656 2105 sudaei
685 2076 765 2117 per
788 2062 929 2116 ipsum
959 2061 1149 2103 divinum
1179 2073 1349 2112 numen,
1381 2071 1509 2112 quum
1529 2059 1584 2101 de
1603 2073 1651 2102 se
1678 2073 1841 2113 suaque
1861 2060 2087 2103 voluntate
2107 2060 2307 2103 notitiam
2328 2061 2529 2116 aperiret,
2560 2061 2616 2104 ad
2645 2075 2741 2118 gra·

496 2131 712 2176 vissimam
751 2143 964 2186 quamque
998 2128 1224 2186 religionis
1260 2127 1519 2172 sententiam
1555 2133 1846 2173 accesserunt.
1914 2129 2010 2183 Quo
2046 2129 2190 2187 posito
2228 2143 2334 2174 sane
2368 2130 2581 2175 Judaicae
2617 2130 2737 2189 genti

496 2201 589 2244 laus
621 2202 677 2244 ob
708 2200 932 2256 egregiam
961 2199 1218 2255 religionem
1248 2198 1469 2240 vindicata
1498 2211 1763 2254 magnopere
1792 2200 2068 2242 imminuitur.

635 2260 731 2321 Qua
772 2284 868 2312 cum
908 2283 956 2312 re
999 2276 1120 2312 arcte
1162 2271 1370 2313 cohaeret
1411 2269 1523 2312 alter
1574 2268 1696 2311 loeus
1739 2268 1804 2311 rei
1847 2269 2113 2324 propositae,
2158 2269 2231 2323 qui
2266 2269 2366 2312 inde
2401 2268 2584 2323 ducitur,
2620 2270 2737 2324 quod

496 2340 762 2384 Graecorum
791 2338 948 2395 religio
981 2338 1206 2395 complura
1232 2338 1380 2382 divina
1409 2337 1585 2381 numina
1612 2336 1831 2394 proponit,
1867 2337 2027 2381 Judaei
2061 2351 2191 2381 unum
2226 2342 2392 2381 tantum
2427 2337 2626 2382 adorant.
2687 2337 2736 2383 Si

495 2410 607 2453 enim
636 2410 741 2453 deus
769 2410 862 2465 ipse
892 2409 947 2452 de
975 2423 1022 2452 se
1053 2422 1217 2464 suaque
1246 2408 1473 2452 voluntate
1509 2408 1789 2465 gravissimas
1824 2411 1895 2451 res
1926 2408 2148 2465 aperuisse
2179 2408 2382 2464 ereditur,
2418 2420 2497 2464 per
2531 2421 2578 2451 se
2613 2413 2736 2464 patet

492 2493 623 2522 unum
654 2492 701 2522 se
732 2492 829 2521 esse
858 2492 1065 2521 summum
1095 2479 1222 2521 deum
1253 2478 1517 2522 declarasse.
1584 2478 1729 2531 Atque
1759 2478 1872 2521 hanc
1907 2478 2166 2521 sententiam
2201 2478 2326 2520 unius
2359 2477 2449 2519 vivi
2482 2477 2553 2519 dei
2581 2478 2734 2533 procul

493 2551 623 2594 dubio
650 2549 927 2593 constitutam
957 2547 1152 2592 continet
1179 2546 1301 2603 illud,
1333 2548 1448 2602 quod
1479 2546 1695 2590 confessio
1727 2548 2044 2602 quodammodo
2069 2547 2337 2591 Judaeorum
2365 2545 2467 2590 fidei
2487 2550 2572 2590 est:
2617 2547 2734 2590 Audi

491 2621 631 2664 Israel
652 2620 849 2662 dominus
865 2620 970 2661 deus
986 2623 1138 2661 noster
1157 2617 1354 2674 dominus
1367 2631 1476 2659 unus
1494 2621 1562 2659 est
1576 2615 1721 2672 (Dent.
1739 2619 1779 2671 6,
1795 2618 1824 2660 4
1843 2617 1910 2660 ed.
1929 2616 2086 2673 vulg.);
2110 2630 2293 2672 quocum
2314 2617 2579 2660 eonferenda
2596 2617 2735 2662 verba

492 2689 563 2732 dei
582 2690 663 2731 Ex.
687 2689 756 2742 20,
779 2689 805 2730 2
824 2692 868 2730 et
882 2689 927 2731 3:
957 2687 1059 2731 Sum
1079 2686 1278 2730 dominus
1300 2687 1404 2729 deus
1435 2691 1553 2741 tuus3
1582 2699 1671 2729 non
1701 2687 1881 2730 habebis
1904 2687 2009 2730 deos
2038 2687 2150 2730 alios
2170 2700 2319 2731 coram
2338 2699 2418 2741 me,
2450 2691 2495 2729 et
2512 2686 2591 2730 Ex.
2613 2687 2732 2742 3,14:

489 2759 586 2815 Ego
617 2771 722 2811 sum,
752 2757 825 2812 qui
854 2770 957 2811 sum,
989 2768 1075 2811 qua
1093 2755 1310 2799 sententia
1335 2755 1442 2798 nihil
1461 2768 1541 2798 sua
1568 2760 1725 2799 natura
1744 2756 1816 2799 dei
1833 2756 1972 2799 simile
1993 2769 2089 2800 esse
2118 2756 2380 2800 declaratur.
2441 2755 2574 2808 Quam
2603 2755 2733 2800 fidem

490 2828 773 2872 certissimam
802 2839 882 2882 per
911 2839 1058 2869 omnes
1094 2831 1261 2869 aetates
1297 2825 1626 2881 profitebantur,
1676 2829 1723 2867 ut
1757 2825 1955 2868 nonnulli
1989 2839 2045 2868 ne
2066 2825 2378 2869 crudelissimis
2424 2826 2594 2880 quidem
2638 2839 2734 2882 sup-

488 2898 630 2956 pliciis
653 2898 976 2941 deterrerentur
1005 2908 1137 2951 seque
1158 2895 1214 2939 ad
1233 2900 1415 2939 mortem
1444 2894 1589 2951 potius
1619 2895 1826 2939 offerrent
1854 2909 1983 2952 quam
2013 2896 2123 2940 alios
2152 2909 2249 2940 esse
2279 2895 2391 2939 deos
2408 2895 2730 2941 confiterentur.

487 2969 558 3011 Ad
590 2967 800 3011 eiusmodi
819 2965 1078 3009 sententiam
1099 2965 1259 3008 Graeci
1278 2964 1400 3007 nulla
1421 2969 1580 3019 aetate,
1611 2978 1667 3007 ne
1688 2970 1776 3007 tum
1798 2966 1982 3020 quidem,
2015 2978 2143 3020 quum
2161 2965 2411 3022 philosophi
2429 2965 2485 3009 de
2504 2966 2732 3014 divinitate

486 3039 631 3082 aliena
668 3043 797 3093 atque
830 3036 1012 3093 indigna
1060 3040 1350 3090 removerant,
1401 3048 1498 3078 sese
1549 3039 1792 3078 erexerunt.
1867 3037 2013 3090 Atque
2054 3036 2296 3079 vetustiora
2339 3035 2511 3090 quidem
2553 3036 2730 3093 scripta,

484 3110 598 3152 unde
636 3113 831 3152 nostram
861 3107 915 3150 de
950 3111 1105 3149 natura
1133 3106 1401 3150 Graecorum
1443 3105 1623 3148 deorum
1666 3105 1961 3161 cognitionem
2001 3105 2233 3160 haurimus,
2277 3105 2485 3150 maiorem
2527 3105 2734 3152 exhibent

484 3192 708 3221 numerum
729 3177 922 3231 deorum,
951 3187 1133 3230 quorum
1163 3188 1283 3218 suam
1305 3175 1486 3230 quisque
1512 3174 1794 3229 voluntatem,
1827 3188 1947 3218 suam
1979 3175 2162 3229 quisque
2189 3174 2405 3218 actionem
2440 3175 2728 3230 persequitur.

484 3248 616 3304 Apud
645 3247 899 3300 Homerum,
946 3257 1203 3299 quamquam
1232 3244 1405 3300 Jupiter
1438 3249 1565 3300 pater
1608 3241 1787 3289 deorum
1821 3244 2126 3300 hominumque
2165 3243 2333 3299 dieitur,
2376 3248 2522 3290 tamen
2551 3247 2729 3302 praeter
