2921 3526
302 1033 383 1098 ne
423 1033 769 1097 Graecorum
809 1033 1091 1117 religione
1135 1055 1239 1118 per
1279 1031 1632 1097 Judaeornm
1683 1031 2024 1115 religionem
2067 1031 2372 1096 illustrata.

1184 1246 1471 1276 -ωμςω-

216 1348 403 1475 &nter
418 1434 496 1477 „ea,
526 1437 639 1478 quae
668 1424 725 1467 ad
754 1422 1063 1479 discipulorum
1091 1421 1259 1466 animos
1288 1422 1550 1465 erudiendos
1580 1426 1710 1476 atque
1726 1421 1989 1465 excolendos
2010 1422 2055 1465 in
2076 1421 2310 1478 gymnasiis
2333 1421 2448 1464 adhi-

214 1488 384 1545 bentur,
413 1505 503 1535 non
530 1492 724 1536 ultimum
752 1492 896 1537 locum
925 1491 1124 1536 obtinent
1150 1489 1229 1534 illa
1257 1490 1432 1547 scripta,
1469 1503 1581 1546 quae
1617 1491 1672 1534 ab
1701 1490 1957 1546 antiquitate
1994 1504 2130 1547 usque
2168 1491 2223 1534 ad
2252 1495 2445 1535 nostram

215 1562 403 1602 aetatem
431 1565 735 1616 pervenerunt.
805 1561 997 1614 Quorum
1026 1561 1082 1604 de
1109 1574 1204 1616 usu,
1239 1564 1379 1603 utrum
1407 1573 1563 1615 sermo,
1601 1573 1686 1614 quo
1717 1565 1816 1602 sunt
1842 1561 2097 1616 composita,
2135 1574 2190 1602 an
2219 1573 2303 1614 res,
2335 1572 2445 1614 quae

213 1626 266 1672 iis
297 1629 586 1685 continentur,
629 1631 745 1674 inter
771 1630 1003 1686 legendum
1031 1630 1267 1686 premenda
1309 1635 1470 1684 essent,
1515 1635 1744 1685 postquam
1779 1630 2122 1684 quinquaquinta
2163 1629 2255 1672 sere
2290 1630 2445 1672 abhinc

213 1708 352 1740 annos
372 1698 652 1754 gravissimas
680 1699 918 1743 sententias
949 1711 1108 1754 easque
1137 1698 1283 1742 varias
1313 1698 1359 1742 et
1384 1699 1500 1741 inter
1527 1711 1575 1741 se
1590 1698 1886 1754 discrepantes
1915 1698 2130 1754 philologi
2158 1697 2443 1754 protulerunt,

212 1780 327 1810 nunc
357 1780 506 1811 omnes
533 1768 626 1812 fere
657 1767 730 1824 (cf.
761 1769 816 1812 G.
833 1768 969 1812 Curtii
998 1769 1135 1812 verba
1161 1768 1206 1810 in
1235 1767 1555 1825 philologorum
1585 1776 1802 1811 conventu
1827 1767 2042 1823 Lipsiensi
2071 1781 2112 1810 a.
2146 1766 2276 1822 1872)
2307 1767 2362 1809 de
2391 1780 2445 1810 ea

211 1848 260 1880 re
289 1837 577 1893 consentiunt,
609 1838 726 1893 quod
753 1837 890 1881 libros
919 1842 1114 1881 veterum
1142 1837 1401 1894 scriptorum
1429 1852 1557 1894 quum
1587 1839 1644 1881 ad
1673 1838 1795 1894 leges
1824 1837 2130 1894 grammaticas
2160 1836 2440 1894 explicandas

211 1907 507 1961 sermonisque
538 1911 810 1950 venustatem
837 1907 1217 1950 demonstrandam
1246 1911 1336 1949 tum
1364 1921 1469 1950 vero
1499 1908 1563 1951 ita
1588 1908 1770 1951 tractari
1798 1912 1984 1963 oportet,
2015 1911 2064 1948 ut
2093 1912 2216 1949 certa
2229 1907 2441 1960 quaedam

209 1975 478 2031 antiquitatis
507 1976 653 2032 imago
669 1976 863 2032 quamvis
876 1976 1077 2020 extremis
1093 1980 1258 2020 tantum
1277 1975 1550 2020 lineamentis
1567 1977 1823 2020 adumbrata
1836 1977 1881 2019 in
1904 1974 2212 2031 discipulorum
2227 1975 2439 2019 mentibus

206 2049 443 2088 remaneat.
501 2044 571 2089 Ita
600 2045 714 2089 enim
743 2049 789 2089 et
816 2045 999 2089 maxime
1027 2045 1215 2102 perspici
1233 2050 1393 2102 potest,
1422 2045 1641 2102 quomodo
1657 2045 1850 2089 homines
1866 2046 1921 2088 ab
1943 2046 2250 2101 antiquissimis
2279 2051 2440 2102 tempo-

205 2114 324 2157 ribus
353 2115 513 2157 sensim
542 2115 786 2170 sensimque
816 2116 873 2158 ad
905 2128 1001 2158 eum
1036 2115 1152 2158 vitae
1188 2114 1348 2158 cultum
1375 2115 1602 2170 progressi
1637 2115 1735 2168 sint,
1773 2128 1858 2169 quo
1888 2129 2003 2157 nunc
2039 2115 2208 2168 utimur,
2245 2121 2289 2158 et
2317 2129 2438 2157 suam

206 2189 394 2228 aetatem
423 2188 513 2227 tum
543 2185 711 2229 demum
726 2186 854 2229 homo
871 2189 991 2229 recte
1020 2185 1232 2239 aestimat,
1263 2198 1388 2240 quum
1404 2184 1589 2241 pristina
1609 2189 1806 2241 tempora
1825 2190 2028 2229 accurate
2044 2186 2264 2242 cognovit.
2324 2185 2437 2239 Quid

204 2267 312 2300 vero
343 2255 481 2313 magis
510 2255 568 2300 ad
595 2255 727 2299 vitam
756 2259 951 2300 veterum
966 2256 1166 2313 pertinet,
1196 2268 1323 2311 quam
1344 2268 1397 2299 ea
1426 2268 1537 2311 quae
1552 2254 1619 2298 illi
1646 2255 1700 2298 de
1715 2254 1871 2298 divinis
1886 2255 2016 2299 rebus
2032 2256 2278 2300 sentiebant
2305 2262 2436 2313 atque

206 2325 473 2383 cogitabant,
505 2338 616 2381 quae
645 2325 871 2382 religionis
907 2325 1081 2368 nomine
1102 2324 1331 2381 complecti
1352 2325 1455 2366 mihi
1482 2324 1642 2368 liceat?
1672 2325 1825 2379 Neque
1848 2327 1960 2368 enim
1981 2326 2114 2368 ullum
2134 2327 2264 2381 vitae,
2294 2340 2435 2382 neque

203 2395 406 2450 publicae
433 2409 574 2450 neque
594 2396 806 2451 privatae,
837 2408 975 2450 genus
1003 2395 1098 2448 fuit,
1126 2395 1228 2448 quin
1257 2408 1352 2437 cum
1379 2394 1594 2449 religione
1622 2395 1986 2438 necessitudinem
2008 2396 2223 2449 quandam
2239 2396 2432 2441 haberet.

203 2464 257 2509 cf.
288 2463 574 2519 Schoemann,
613 2464 892 2509 Griechisehe
921 2463 1230 2518 Alterthiimer,
1264 2462 1310 2508 H
1337 2478 1379 2520 p.
1412 2463 1492 2508 121
1524 2477 1620 2519 sqq.
1687 2462 1825 2516 Quum
1855 2468 1997 2508 autem
2027 2462 2122 2508 fieri
2150 2469 2350 2521 nequeat,
2387 2470 2436 2510 ut

200 2532 400 2591 singulae
428 2546 500 2578 res
528 2533 644 2578 illius
675 2538 764 2578 tam
794 2532 964 2591 amplae
991 2537 1164 2590 tamque
1195 2532 1452 2576 multifariae
1471 2532 1741 2590 disciplinae,
1773 2532 1913 2589 qualis
1942 2537 2010 2576 est
2029 2533 2267 2591 religionis,
2310 2536 2433 2579 disci-

200 2603 313 2659 pulis
342 2605 584 2658 tradantur,
613 2604 658 2646 in
687 2598 951 2647 tractatione
981 2608 1175 2646 veterum
1206 2603 1461 2659 scriptorum
1490 2616 1545 2645 ea
1572 2603 1755 2645 maxime
1768 2604 2053 2658 proponenda
2074 2604 2287 2659 videntur,
2318 2607 2432 2648 unde

200 2673 379 2730 propria
398 2673 464 2717 vis
485 2687 537 2718 ac
555 2678 713 2717 natura
731 2678 926 2717 veterum
945 2672 1173 2730 religionis
1193 2672 1491 2729 perspiciatur.
1552 2671 1649 2724 Qua
1667 2671 1713 2715 in
1732 2685 1781 2716 re
1806 2671 1985 2716 multum
2011 2672 2208 2716 conferre
2230 2674 2429 2729 equidem

200 2743 402 2788 existimo
440 2743 807 2801 comparationem
833 2743 1100 2787 Graecorum
1128 2747 1258 2798 atque
1284 2741 1579 2786 Romanorum
1597 2741 1855 2798 religionem
1875 2755 1970 2786 cum
1986 2757 2040 2787 ea
2060 2743 2286 2801 religione,
2317 2757 2430 2800 quae

197 2816 375 2869 praeter
391 2812 512 2858 illam
532 2826 587 2857 ex
607 2813 828 2858 contrario
848 2826 928 2870 per
947 2818 1083 2858 totam
1103 2812 1401 2869 antiquitatem
1420 2811 1611 2868 vigebat,
1637 2812 1906 2856 Judaeorum
1927 2814 2038 2869 dico,
2067 2814 2185 2858 cuius
2206 2815 2428 2860 doctrinas

199 2894 254 2926 ex
281 2881 405 2938 libris
426 2883 603 2928 Veteris
626 2883 896 2929 Testamenti
923 2884 1155 2928 haurimus.
1205 2884 1344 2936 Quum
1373 2882 1485 2926 enim
1514 2895 1625 2937 quae
1657 2883 1920 2939 cognatione
1949 2885 2064 2927 inter
2099 2898 2146 2928 se
2177 2890 2280 2942 apta
2310 2886 2430 2929 colli·

196 2956 387 3008 gataque
405 2957 527 3008 sunt,
538 2953 658 3008 aliud
677 2967 732 2997 ex
747 2953 835 2997 alio
854 2954 1023 2997 facilius
1042 2957 1290 3008 noscantur,
1309 2951 1552 2995 sententiae
1565 2956 1696 3005 atque
1713 2953 1939 2996 doetrinae
1955 2954 2167 2997 ,Iudaicae
2187 2956 2425 3011 religionis,

196 3032 308 3075 quae
336 3021 472 3065 multo
501 3023 640 3079 magis
669 3037 796 3079 quam
826 3023 936 3067 alius
966 3023 1110 3080 gentis
1137 3023 1224 3067 iam
1252 3037 1280 3067 a
1305 3034 1439 3078 puero
1469 3020 1662 3075 discitur,
1694 3022 1807 3064 viam
1837 3024 2036 3078 aperiunt
2071 3024 2127 3067 ad
2156 3037 2231 3068 eas
2260 3031 2427 3069 senten·

195 3088 280 3133 tias
303 3095 448 3135 mente
474 3093 915 3149 comprehendendas,
945 3106 1057 3148 quae
1081 3098 1277 3136 veterum
1295 3091 1496 3148 religioni
1516 3091 1710 3135 subsunt.
1771 3091 1859 3135 Sed
1880 3107 2137 3149 quamquam
2157 3095 2425 3138 Graecorum

193 3161 239 3202 et
257 3156 552 3204 Romanorum
570 3161 810 3219 religiones
831 3162 975 3207 multis
994 3162 1189 3218 partibus
1207 3162 1322 3207 inter
1340 3174 1388 3208 se
1407 3161 1621 3216 differunt,
1651 3165 1796 3204 tamen
1815 3163 2026 3207 nonnulla
2052 3164 2262 3219 quaedam
2282 3178 2422 3220 eaque
2447 3224 2452 3228 Ι

2283 3231 2304 3268 1
