2921 3526
1294 111 1334 169 a
1363 94 1368 97 ’
2750 89 2755 100 ”
2783 90 2795 127 ³
2815 105 2835 170 ς
2864 103 2921 172 ἓξ

36 262 66 275 “‘
199 261 407 312 maim
421 261 523 320 plus
546 260 796 320 quingentis
820 261 949 306 annis
966 261 1179 319 fecerunt,
1203 263 1344 320 qualis
1372 277 1428 313 ex
1455 264 1627 323 scriptis
1650 263 1851 310 Platonis
1881 269 1927 310 et
1939 265 2188 312 Aristotelis
2217 268 2433 314 nescituri

38 336 56 384 <⁸
200 333 388 381 vidam
402 331 511 378 illud
527 330 704 375 Veteris
724 330 994 377 Testamenti
1012 331 1123 375 Gen.
1140 332 1242 387 3‚19
1255 331 1342 398 „In
1360 334 1518 378 sudore
1537 334 1681 379 vultus
1702 334 1767 376 tui
1784 335 1977 377 vesceris
2004 336 2147 391 pane“
2175 335 2263 393 (ed.
2289 337 2429 395 vulg.)

36 420 45 434 ··
116 421 120 425 ¹
199 406 359 461 gentes
374 401 514 446 »etiam
541 401 606 443 ita
631 400 842 456 tetigisse,
877 405 926 442 ut
953 414 1118 443 summa
1145 406 1312 444 tantum
1338 403 1550 446 industria
1575 403 1955 459 sagacissimorum
1981 405 2199 447 hominum
2225 408 2427 450 notiones

199 472 256 518 de
284 471 432 517 divino
461 469 649 522 numine,
679 481 790 523 quae
818 468 922 512 ferri
957 474 1148 525 possent,
1194 478 1557 526 compararentur.
1619 471 1843 526 Quotquot
1881 473 1993 515 enim
2029 478 2187 528 poetae
2230 475 2353 530 lyrici
2381 481 2428 519 et

198 538 437 593 dramatici,
473 542 694 593 »quotquot
718 537 966 593 philosophi
993 538 1140 594 magni
1174 543 1303 593 atque
1337 539 1506 587 nobiles
1534 540 1720 594 fuerunt,
1755 553 1834 596 pro
1865 554 1943 584 suo
1972 542 2152 597 quisque
2179 542 2354 598 ingenio
2381 544 2426 587 in

199 607 479 655 mandandis
509 610 555 651 et
581 605 851 663 corrigendis
879 606 1105 662 religionis
1139 607 1387 651 notionibus
1414 608 1762 653 elaboraverunt.
1820 609 1876 652 Et
1910 610 2107 665 profecto
2142 611 2426 656 admiratione

197 678 334 735 digna
361 680 585 733 apparent,
615 689 728 732 quae
755 675 833 718 illiv
850 676 933 718 viri
961 676 1110 732 adepti
1127 679 1246 720 sunt!
1283 678 1395 721 Nam
1414 680 1637 735 opiniones
1667 680 1723 722 de
1749 680 1831 722 diis
1859 682 1915 723 e'x
1942 681 2134 736 pristinis
2160 683 2423 738 temporibus

196 746 420 805 profectae
439 745 572 789 talem
591 744 968 789 commutationem
987 745 1033 788 in
1062 745 1284 789 meliorem
1312 752 1477 803 partem
1497 753 1771 805 acceperunt,
1802 754 1850 791 ut
1873 763 1963 792 non
1991 764 2157 805 paucae
2184 752 2239 793 ad
2265 753 2425 807 perfec-

194 816 357 860 tionem
376 815 592 870 quandam
610 814 846 870 perductae
861 815 1059 869 proxime
1079 815 1135 857 ad
1156 828 1209 857 ea
1228 818 1451 871 accedant,
1470 832 1580 873 quae
1599 818 1708 861 fides
1731 818 1965 861 christiana
1983 820 2221 874 profitetur.
2262 822 2426 864 Multos

194 885 280 930 iam
309 897 451 929 annos.
475 888 578 928 ante
594 882 825 928 Platonem
852 888 1010 939 poetae
1039 888 1085 927 et
1112 883 1358 941 philosophi
1386 887 1556 942 quidam
1585 887 1775 931 divinum
1794 901 1953 931 numen
1973 888 2220 932 conditione
2240 889 2423 934 humana

192 953 326 1010 longe
346 953 542 1010 superius
563 957 609 996 et
627 956 822 1008 apertam
842 952 1165 1008 simplicemque
1186 960 1374 998 mentem
1395 969 1489 999 esse
1510 957 1807 1000 ostenderunt.
1857 956 1965 999 Illas
1995 957 2248 1000 deterrimas
2279 960 2422 1014 cogni-

194 1022 337 1066 tiones
366 1021 662 1077 Xenophanes
697 1020 979 1077 philosophus
1014 1028 1194 1066 excusat
1226 1024 1381 1067 mentis
1409 1025 1668 1079 infirmitate,
1706 1038 1792 1079 qua
1826 1025 2031 1080 impedita
2060 1026 2274 1069 hominum
2308 1028 2422 1083 cogi-

192 1091 303 1135 tatio
332 1103 464 1147 supra
482 1091 708 1136 humanam
726 1095 922 1134 nanuum
942 1104 1030 1134 non
1050 1092 1284 1136 transierit.
1333 1094 1502 1137 Pariter
1521 1095 1634 1138 enim
1660 1108 1715 1138 ex
1735 1095 1827 1137 eius
1848 1095 2063 1138 sententia
2083 1096 2183 1150 equi
2208 1102 2252 1139 et
2270 1097 2418 1151 boves,

193 1161 232 1204 si
259 1161 365 1205 artis
393 1160 522 1217 periti
541 1163 699 1214 essent,
729 1159 892 1216 figuras
913 1160 1091 1203 deorum
1120 1162 1177 1204 ad
1203 1175 1282 1205 sua
1300 1162 1487 1220 ipsorum
1517 1177 1704 1220 corpora
1727 1163 1955 1220 fingerent.
2001 1165 2119 1208 Dicit
2138 1165 2312 1208 enimin
2331 1166 2417 1222 frg.

193 1229 380 1285 quodam
409 1229 525 1285 apud
552 1229 785 1273 Eusebium
813 1229 858 1272 in
887 1229 1095 1285 Praepar.
1126 1243 1281 1287 evang.
1311 1231 1435 1287 XIII,
1467 1234 1520 1277 13
1549 1237 1745 1276 servato:

704 1295 827 1338 'Ama‘
852 1299 987 1353 βροτοὶ
1011 1296 1182 1340 δοκέουσι
1210 1300 1328 1350 θεοὺς
1354 1303 1564 1354 γεννᾶσθαι
1592 1301 1712 1356 (ἔδειν
1741 1317 1778 1342 τε
1789 1300 1827 1356 ?)

713 1367 795 1418 Τήν
821 1371 1004 1422 σφετέρην
1030 1365 1243 1420 τάἴσθησιν
1267 1370 1365 1422 ἔχειν
1392 1371 1521 1425 φωνήν
1534 1386 1573 1411 τε
1603 1370 1724 1423 δέμας
1743 1386 1796 1411 τε.
1814 1394 1868 1400 —-

706 1433 815 1476 Ἀλλ’
829 1436 925 1475 erma
947 1436 1081 1490 χεῖράς
1108 1435 1143 1489 y'
1157 1437 1259 1490 εἶχον
1285 1438 1375 1490 βόες
1401 1437 1443 1489 ἦέ
1471 1442 1633 1487 λέοντες,

698 1503 766 1545 ”Η
788 1504 941 1559 γράψαι
962 1509 1131 1560 χείρεσσι
1158 1510 1224 1547 καῖ
1252 1508 1345 1561 ἔργα
1373 1509 1492 1548 τελεῖν
1520 1507 1621 1561 ἅπερ
1650 1506 1803 1561 ἄνδρες,

698 1571 832 1613 ‘tunm
858 1577 930 1625 μέν
957 1570 1000 1614 θ’
1012 1575 1182 1624 ἵπποισι,
1207 1574 1298 1627 βόες
1326 1574 1368 1616 δέ
1394 1590 1433 1615 τε
1461 1578 1592 1628 βουσὶν
1619 1575 1762 1627 ὁμοίας

703 1643 788 1682 Καί
812 1656 853 1681 κε
882 1643 991 1682 θεῶν
1017 1641 1123 1692 ῖδὲας
1150 1643 1320 1698 ἔγραφον
1346 1649 1411 1684 καῖ
1438 1643 1583 1696 σώματ’
1609 1644 1767 1684 ἐποίουν

709 1709 878 1752 Τοιαῦθ’
905 1711 989 1751 οἷόν
1018 1728 1092 1767 περ
1119 1717 1184 1753 καῖ
1212 1711 1322 1752 αὗτοῐ
1350 1712 1466 1765 δέμας
1494 1714 1596 1766 εἶχον
1624 1713 1776 1765 ὁμοῖον.

331 1782 403 1826 Dii
422 1782 507 1825 iam
527 1781 774 1836 cogitantur
792 1782 992 1825 mundum
1013 1782 1314 1826 administrare
1335 1784 1525 1838 corporis
1547 1788 1765 1839 expertcs;
1794 1797 1928 1838 quare
1948 1797 2036 1826 non
2057 1788 2188 1839 egent
2206 1783 2271 1838 iis,
2302 1797 2415 1839 quae

188 1865 344 1908 corpus
372 1853 600 1897 humanum
629 1850 854 1907 efflagitat.
915 1851 1036 1904 Quae
1065 1852 1223 1907 turpia,
1260 1865 1288 1895 a
1316 1852 1459 1895 divino
1489 1853 1660 1896 numine
1691 1851 1849 1907 aliena,
1887 1866 1941 1896 ex
1968 1853 2176 1896 maiorum
2212 1853 2415 1909 opinione

187 1923 269 1967 diis
299 1922 577 1976 adhaereant,
608 1934 662 1965 ea
690 1921 745 1965 ab
774 1920 960 1975 antiquis
989 1920 1131 1976 poetis
1160 1921 1267 1965 ficta
1296 1935 1402 1977 esse,
1432 1926 1480 1965 ut
1508 1923 1570 1966 ait
1596 1922 1813 1965 Pindarus
1845 1923 1913 1966 Ol.
1942 1922 1977 1977 Ι,
2009 1923 2062 1966 28
2094 1936 2160 1978 sq.

700 1988 724 2041 ἦ
751 1990 939 2042 θαυμαῐιὶ
960 1990 1104 2039 πολλά,
1131 1995 1197 2031 καῖ
1224 1991 1301 2032 πού
1329 2007 1365 2031 τι
1391 1995 1455 2032 καῖ
1482 1993 1634 2045 βροτῶν
1662 1991 1778 2044 φάτιν

703 2057 996 2111 δεδαιδαλμένοι
1024 2057 1183 2113 ψεύδεσι
1212 2062 1398 2109 ποικίλοις
1425 2058 1663 2107 ἐξαπατῶντι
1691 2061 1828 2112 μῦθοι.

187 2131 241 2173 cf.
272 2129 340 2174 01.
370 2130 451 2183 IX,
482 2130 537 2172 37
568 2142 631 2183 sq.
663 2134 707 2171 et
735 2128 1020 2183 Xenophanis
1048 2128 1131 2183 frg.
1162 2130 1277 2183 apud
1305 2129 1423 2172 Sext.
1453 2129 1574 2182 Emp.
1604 2129 1702 2171 adv.
1733 2130 1870 2173 Math.
1899 2129 1980 2171 IX.
2014 2130 2115 2171 193:

685 2197 826 2238 Πάντα
854 2199 962 2246 θεοῖς
990 2194 1183 2249 ἀνέθηκαν
1202 2196 1380 2253 εὍμηρός
1404 2195 1639 2246 3·“Ησίοδός
1652 2213 1710 2247 τε,

0 2273 2 2352 y
696 2266 818 2308 Ὄσσα
849 2264 940 2322 παρ’
967 2264 1235 2322 ἀνθρώποισιν
1258 2265 1410 2319 ,ὄνείδεα
1436 2270 1498 2307 καῖ
1526 2266 1660 2320 ψόγος
1685 2266 1801 2317 ἐστίν,

708 2337 915 2385 Κλέπτειν,
941 2335 1132 2388 μοιχεύειν
1159 2350 1199 2375 τε
1227 2340 1292 2376 καῖ
1319 2334 1503 2385 ἀλλήλους
1530 2333 1750 2375 οἷπατεύειν.

334 2407 472 2459 Quum
505 2406 567 2450 sic
600 2406 707 2449 vitia
745 2412 1063 2461 removeantur,
1102 2406 1248 2449 divino
1288 2405 1447 2449 numini
1481 2405 1730 2450 tribuuntur
1765 2420 1929 2449 summa
1963 2404 2171 2462 potentia,
2216 2405 2409 2459 scientia,

185 2475 362 2521 iustitia.
428 2475 498 2519 Ita
533 2474 727 2519 definitio
776 2475 950 2520 deitatis
984 2489 1064 2533 per
1097 2467 1363 2533 theologiam
1397 2474 1640 2531 Orphicam,
1673 2475 1894 2532 mysteria,
1929 2480 2098 2518 veteres
2128 2474 2410 2531 philosophos

187 2550 316 2601 atque
344 2549 497 2601 poetas
527 2545 722 2587 omnibus
751 2546 938 2589 numeris
969 2546 1186 2602 completa
1214 2550 1293 2599 est,
1323 2550 1370 2587 ut
1396 2544 1523 2587 Plato
1554 2549 1599 2586 et
1633 2545 1896 2588 Aristoteles
1923 2545 2116 2601 singulas
2137 2545 2411 2588 definitiones

186 2615 599 2672 comprehendentes
617 2615 828 2658 acerrimo
844 2616 1019 2672 ingenio
1041 2616 1126 2659 vim
1146 2620 1192 2659 et
1208 2620 1404 2659 naturam
1416 2613 1591 2658 deorum
1604 2614 1735 2671 digne
1753 2614 1987 2658 efficerent.
2036 2614 2235 2656 Divinum
2254 2628 2410 2657 numen

186 2684 412 2729 celebrant
450 2684 571 2728 nullo
615 2698 798 2740 corpore
840 2686 1032 2728 vinctum
1072 2689 1116 2727 et
1157 2686 1328 2727 summis
1369 2684 1596 2725 virtutibus
1633 2690 1902 2737 exornatum,
1943 2690 1990 2726 ut
2024 2698 2163 2738 neque
2200 2685 2409 2739 originem

186 2753 351 2810 ceperit
383 2765 524 2808 neque
557 2752 829 2796 interiturum
864 2754 921 2797 sit
954 2754 1045 2796 ullo
1074 2759 1281 2810 tempore.
1332 2752 1524 2796 Summus
1558 2753 1595 2795 is
1623 2757 1692 2796 est
1725 2753 1900 2808 gradus,
1931 2754 1987 2795 ad
2017 2767 2142 2807 quem
2172 2753 2330 2796 Graeci
2365 2753 2409 2794 in

3 2871 5 2875 ,
185 2822 435 2867 excolendis
466 2822 521 2866 de
549 2821 704 2866 divinis
733 2823 863 2867 rebus
890 2823 1138 2867 notionibus
1166 2825 1465 2880 pervenerunt.
1523 2820 1635 2865 Nam
1663 2827 1765 2878 post
1791 2822 2021 2865 Platonem
2057 2827 2101 2865 et
2129 2821 2407 2865 Aristotelem

0 2875 4 2950 ᾗ
185 2892 300 2939 acies
334 2892 628 2948 investigandi
665 2892 799 2937 hebes
834 2893 1150 2948 quodammodo
1179 2893 1295 2936 facta
1330 2896 1408 2946 est,
1442 2895 1491 2933 ut
1519 2891 1624 2934 satis
1657 2891 1868 2935 haberent
1898 2905 1950 2934 ea
1987 2905 2260 2946 conservare,
2298 2905 2408 2946 quae

183 2960 369 3005 maiores
398 2965 728 3018 proposuerant.

0 2959 13 3115 i
326 3030 493 3084 Quodsi
530 3030 617 3075 iam
645 3044 756 3086 quae
792 3030 951 3074 Graeci
984 3043 1063 3087 per
1089 3030 1329 3086 complures
1358 3033 1523 3073 aetates
1548 3030 1737 3073 assecuti
1764 3034 1875 3084 sunt,
1906 3031 2129 3074 nobiscum
2148 3036 2405 3086 reputamus,

187 3111 240 3146 eo
270 3099 408 3156 magis
437 3100 722 3143 admiratione
757 3100 966 3143 afficimur
994 3100 1384 3142 animadvertentes
1421 3111 1495 3140 eos
1529 3112 1609 3140 sua
1642 3098 1834 3154 ipsorum
1863 3100 1993 3142 animi
2022 3099 2298 3142 contentione
2330 3097 2407 3139 illa

187 3180 463 3224 comparasse
492 3168 599 3213 nihil
627 3169 773 3226 magni
802 3169 1007 3213 momenti
1035 3168 1206 3212 aliunde
1233 3172 1443 3224 petentes.
1504 3166 1643 3219 Quam
1671 3167 1849 3211 multum
1879 3175 2026 3212 contra
2062 3169 2203 3211 differt
2221 3168 2331 3211 ratio
2362 3172 2407 3210 et

2338 3256 2359 3280 *
