2921 3526
137 28 139 32 .
163 0 555 58 affer*
570 0 958 48 2:2[w-23‚⁸÷1‘’5²·‹=
988 0 1046 21 ‘⁹22
1102 7 1104 9 ·
1236 26 1239 28 a
1305 0 1316 18 -’
1331 0 1527 38 ,³⁶52stssss
1558 0 1561 3 ·
1588 7 1593 11 ·
1622 1 1625 4 ’
1653 0 1655 2 ·

128 40 230 62 mn>
281 42 311 61 -.--
401 40 466 61 »ηπ
587 41 614 47 ··
827 47 833 51 ·
908 35 920 52 ·-
1016 35 1035 59 -2
1479 41 1483 43 Α

2 252 6 259 ’
29 218 450 325 :manniti
474 256 635 304 aiiidii
649 269 774 302 suam
798 260 1006 301 exercent
1029 255 1118 301 vim
1144 261 1191 302 et
1213 257 1261 301 in
1287 271 1429 301 rerum
1456 261 1656 301 naturam
1684 254 1794 300 etin
1811 253 2030 300 hominum
2056 261 2212 302 sones.
2270 256 2362 303 Alii
2384 257 2433 304 in

101 333 122 343 ”
173 320 450 385 &clm-alii
476 327 593 385 apud
623 326 799 381 inferos,
833 326 912 370 alii
938 326 984 370 in
1007 331 1131 372 terra
1146 326 1316 374 versari
1333 325 1594 383 cogitantur.
1614 363 1617 367 .
1645 324 1761 379 Quin
1777 324 1910 369 etiam
1928 324 2123 370 homines
2148 340 2236 371 non
2259 333 2430 385 natura,

201 398 291 446 sed
307 398 448 456 gradu
472 401 639 441 tantum
665 396 872 439 virtutum
900 408 928 438 a
957 395 1039 440 diis
1068 396 1284 452 differunt,
1311 395 1359 440 id
1386 394 1503 451 qu'od
1529 394 1776 453 posteriore
1793 398 1988 451 tempore
2015 395 2230 441 Pindarus
2259 412 2431 455 quoque

200 466 403 527 exprimit
426 466 554 511 Nem.
580 465 662 521 VI,
694 466 738 509 l:

726 534 804 575 Ἔν
830 532 1002 592 ἀνδρῶν,
1029 537 1071 577 ἓν
1084 537 1194 576 θεῶν
1222 539 1343 588 γένος·
1360 532 1413 577 ,ἐκ
1438 536 1532 587 μιᾶς
1559 532 1602 574 δέ
1630 536 1800 585 πνέομεν

718 603 869 659 ματρός
895 603 1126 660 ἀμφότεροι·
1155 603 1314 659 διείργει
1340 602 1384 647 δὲ
1410 606 1517 646 πᾶσα
1544 607 1778 659 κειριμμένα

721 672 898 728 δύναμις,
926 674 981 726 ὠς
1007 675 1052 718 τό
1078 677 1152 728 μὲν
1181 672 1309 724 widh,
1333 670 1358 715 ὅ
1387 671 1428 715 δέ
1450 672 1616 727 χάλκεος
1643 669 1816 727 ἀσφαλὲς
1843 672 1926 715 aler
1960 671 2047 724 ἕδος

722 747 831 796 ‚ema
860 742 1036 800 οὖρανός.

349 814 459 858 Post
484 813 764 858 Homericam
792 818 981 858 aetatem
1015 827 1238 857 numerum
1272 812 1463 867 deorum,
1506 821 1637 867 quum
1676 809 1817 855 cultus
1860 811 2045 856 aliorum
2081 813 2428 872 amplificaretur,

203 884 386 930 aliorum
419 897 560 927 novus
601 883 909 937 institueretur,
939 883 1148 939 imprimis
1181 882 1227 924 in
1262 881 1476 938 mysteriis
1505 881 1737 924 adauctum
1764 894 1860 924 esse
1891 883 2124 925 verisimile
2155 890 2234 927 est.
2296 886 2430 937 Quem

203 966 403 1009 magnum
432 965 656 995 numerum
685 952 864 994 deorum
891 951 1139 1007 philosophi
1164 950 1292 1006 primi
1320 950 1506 994 omnium
1533 949 1606 993 vel
1634 950 1827 994 minuere
1854 950 1927 993 vel
1957 951 2114 996 tollere
2144 955 2290 997 conati
2318 961 2428 1000 sunt.

201 1022 240 1068 E
257 1021 411 1078 quibus
441 1018 625 1065 maxime
655 1020 951 1077 Xenophanes
980 1024 1026 1065 et
1052 1019 1316 1075 Heraclitus,
1347 1019 1420 1074 qui
1447 1018 1695 1076 philosophi
1722 1019 1823 1063 inde
1852 1019 1907 1063 ab
1939 1033 2053 1064 anno
2087 1022 2429 1079 quingentesimo

203 1090 559 1146 quinquagesimo
604 1090 698 1131 fere
728 1103 767 1131 a.
799 1089 898 1131 chr.
947 1091 1172 1143 florebant,
1220 1089 1465 1144 opinionem
1499 1089 1555 1131 de
1590 1088 1736 1131 multis
1784 1088 1866 1130 diis
1889 1098 1983 1143 'per
2013 1097 2169 1144 poetas
2218 1093 2430 1135 excultam

202 1165 334 1213 atque
370 1172 397 1201 a
440 1158 675 1202 maioribus
713 1158 918 1201 traditam
960 1158 1240 1201 vehementer
1280 1171 1462 1202 vexasse
1503 1157 1720 1201 videntur·
1791 1156 1983 1209 Quorum
2024 1159 2078 1202 de
2113 1161 2286 1216 scriptis
2325 1161 2430 1205 nihil

199 1240 431 1285 superesse
459 1226 544 1270 nisi
570 1226 815 1283 fragmenta
843 1225 1038 1283 graviter
1065 1225 1298 1270 dolendum
1326 1231 1406 1272 est.
1464 1225 1553 1272 Sed
1573 1229 1618 1271 et
1635 1224 1738 1270 inde
1756 1224 1955 1283 intellegi
1974 1232 2132 1284 potest,
2165 1234 2430 1288 quantopere

177 1350 180 1354 ¹
202 1296 375 1343 illorum
394 1295 567 1354 placitis
586 1295 728 1341 cultus
749 1296 928 1340 deorum
948 1309 1182 1341 concussus
1202 1295 1271 1340 sit.
1333 1296 1627 1354 Xenophanes
1652 1295 1826 1352 quidem
1852 1297 2102 1342 certissimis
2130 1300 2273 1343 verbis
2303 1315 2430 1345 unum

205 1380 302 1411 esse
331 1367 522 1408 divinum
538 1381 695 1409 numen
724 1368 910 1409 affirmat
927 1367 1170 1422 fragmento
1190 1380 1218 1407 a
1238 1365 1457 1408 Clemente
1477 1367 1778 1408 Alexandrino
1798 1367 1957 1409 Strom.
1977 1370 2033 1422 V,
2055 1371 2137 1411 601
2162 1371 2208 1411 C.
2237 1378 2429 1413 servato:

724 1436 798 1486 Εἷς
825 1436 922 1485 θτός
949 1437 990 1476 ἔν
1008 1451 1047 1476 τε
1077 1438 1206 1477 θεοῖσι
1232 1440 1298 1476 καῖ
1323 1433 1568 1490 ἀνθρώποισι
1595 1440 1789 1488 μέγιστος,

725 1505 826 1547 Οὔτε
855 1503 976 1557 δέμας
1003 1506 1205 1556 θνητοῖσιν
1231 1502 1385 1557 ὁμοίιος
1413 1504 1499 1551 οὔτε
1529 1503 1669 1557 νόημα·

204 1580 250 1620 et
277 1575 481 1632 imprimis
509 1575 769 1633 fragmento,
801 1574 916 1630 quod
946 1574 1060 1631 apud
1090 1572 1267 1619 Sextum
1302 1574 1561 1631 Empiricum
1589 1574 1688 1619 adv.
1719 1574 1855 1620 Math.
1885 1575 1965 1632 IX,
1998 1576 2131 1634 1444)
2162 1579 2367 1623 occurrit:

723 1643 849 1694 Οὖλος
876 1642 968 1703 ὁρᾷ,
995 1640 1109 1692 οὖλος
1138 1642 1179 1684 δὲ
1206 1648 1301 1693 νοεῖ,
1329 1641 1442 1693 οὖλος
1469 1643 1512 1684 δέ
1540 1641 1730 1684 τὀἷκούει.

344 1714 433 1758 Sed
467 1715 646 1757 multum
679 1715 862 1758 interest
898 1714 1012 1756 inter
1044 1715 1312 1757 Judaeorum
1346 1714 1474 1757 fidem
1509 1714 1563 1756 de
1599 1727 1687 1756 uno
1723 1715 1825 1757 vivo
1861 1716 1944 1758 deo
1980 1721 2026 1758 et
2059 1717 2211 1760 horum
2246 1719 2431 1774 philoso-

199 1783 381 1838 phorum
411 1785 670 1827 sententiam
699 1785 754 1827 de
782 1798 868 1827 uno
899 1783 1046 1826 divino
1074 1784 1259 1827 numine.
1318 1783 1476 1827 Judaei
1511 1784 1626 1827 enim
1653 1784 1782 1827 deum
1812 1790 1914 1828 ante
1950 1788 2151 1830 mundum
2187 1789 2273 1830 iam
2299 1790 2429 1833 fuisse

202 1857 247 1896 et
273 1857 450 1909 praeter
477 1853 678 1897 mundum
708 1853 857 1910 vigere
886 1852 1135 1907 eredebant,
1153 1852 1401 1910 philosophi
1418 1856 1560 1896 autem
1579 1866 1710 1896 unum
1729 1853 1921 1897 divinum
1940 1868 2097 1899 numen
2117 1856 2431 1914 intellegebant

200 1927 338 1965 totum
366 1923 567 1966 mundum
595 1924 735 1979 ipsum
768 1923 853 1978 vel,
890 1927 938 1965 ut
973 1922 1195 1966 Ciceronis
1229 1924 1373 1966 verbis
1409 1928 1519 1976 utar,
1556 1935 1698 1978 omne,
1737 1924 1856 1977 quod
1890 1931 2009 1968 esset
2040 1926 2264 1970 infinitum.
2330 1929 2430 1972 Huc

200 1991 384 2046 accedit,
416 1992 544 2047 quod,
575 1997 782 2047 quantum
810 1992 943 2036 vitam
972 1991 1238 2036 Graecorum
1267 2005 1322 2037 ex
1350 1992 1521 2048 scriptis
1555 1992 1807 2049 perspicere
1842 2007 2083 2050 possumus,
2120 1996 2270 2040 horum
2299 1998 2431 2053 philo·

199 2061 434 2119 sophorum
462 2063 735 2120 cognitiones
755 2063 1065 2120 cogitationem
1083 2061 1204 2118 vulgi
1231 2061 1344 2105 haud
1363 2061 1426 2104 ita
1447 2061 1642 2117 graviter
1659 2062 1912 2120 tetigerunt.
1971 2063 2144 2122 Scripta
2164 2067 2276 2110 enim
2296 2067 2431 2111 Hera-

200 2131 293 2175 cliti
318 2132 390 2174 vel
410 2133 529 2176 docti
547 2134 631 2175 viri
651 2132 846 2176 difficilia
864 2133 1090 2176 intellectu
1109 2132 1412 2174 existimabant
1430 2145 1675 2186 cognomen
1696 2133 1738 2175 ei
1756 2133 1995 2177 tribuentes
2025 2136 2230 2176 σκοτεινόν.
2294 2138 2430 2180 Vehe-

200 2202 462 2246 mentissime
491 2215 597 2246 vero
629 2215 724 2245 eum
750 2202 1029 2258 reprehendit
1055 2201 1280 2245 Lucretius
1307 2205 1440 2257 poeta
1469 2200 1692 2245 Romanus
1721 2202 1756 2256 Ι,
1788 2202 1873 2246 639
1903 2215 1984 2258 sqq
2015 2204 2084 2248 ed.
2115 2205 2327 2263 Bernays:

507 2271 660 2315 Clarus
690 2271 769 2327 (sc.
799 2270 1070 2327 Heraclitus)
1100 2271 1156 2313 ob
1187 2271 1412 2313 obscuram
1440 2269 1633 2326 linguam
1660 2271 1798 2327 magis
1828 2272 1942 2314 inter
1969 2273 2110 2316 inanis

508 2342 691 2396 quamde
720 2342 866 2398 gravis
895 2342 1009 2385 inter
1038 2341 1211 2395 Graios,
1243 2340 1315 2395 qui
1343 2353 1449 2383 vera
1476 2341 1719 2395 requirunt:

511 2412 656 2454 omnia
685 2412 798 2454 enim
828 2411 978 2454 stolidi
1006 2411 1144 2467 magis
1175 2409 1439 2453 admirantur
1466 2415 1711 2465 amantque,

508 2480 691 2524 inversis
723 2494 834 2535 quae
864 2481 943 2523 sub
973 2480 1118 2523 verbis
1147 2479 1366 2522 latitantia
1394 2483 1586 2522 cernunt.

343 2548 526 2593 Etiamsi
554 2550 688 2607 igitur
716 2550 887 2606 pristini
919 2549 1125 2606 temporis
1159 2549 1345 2593 usitatae
1378 2553 1695 2605 perceptaeque
1732 2549 2007 2606 cognitiones
2043 2551 2222 2596 deorum
2258 2567 2430 2610 magno·

191 2630 302 2674 pere
332 2623 620 2663 commutatae
649 2624 761 2675 sunt,
796 2624 942 2663 tamen
973 2633 1029 2663 ne
1063 2619 1193 2662 Plato
1230 2623 1274 2662 et
1306 2617 1565 2661 Aristoteles
1601 2618 1787 2673 quidem,
1824 2619 1898 2674 qui
1933 2621 1990 2663 ad
2025 2621 2286 2665 christianae
2328 2622 2431 2666 fidei

198 2687 440 2731 doctrinam
458 2689 653 2744 proxime
673 2693 964 2743 accesserunt,
985 2689 1220 2745 cogitando
1239 2687 1435 2744 perducti
1453 2692 1552 2729 sunt
1572 2700 1638 2741 eo,
1659 2692 1708 2729 ut
1726 2694 1904 2743 praeter
1926 2703 2057 2732 unum
2078 2703 2283 2733 summum
2303 2692 2430 2734 deum

199 2755 310 2800 alios
338 2770 435 2801 esse
456 2762 686 2813 praeterea
712 2758 818 2802 deos
838 2763 1066 2814 negarent.
1136 2757 1267 2814 Apud
1293 2755 1572 2800 Aristotelem
1609 2756 1722 2800 enim
1758 2757 1818 2800 dii
1853 2757 2137 2815 planetarum,
2168 2765 2215 2803 ut
2244 2773 2430 2804 summus

199 2825 318 2882 deus,
348 2827 516 2870 aeterni
543 2831 654 2882 sunt,
707 2841 733 2870 a
763 2827 917 2882 quibus
950 2827 1154 2884 planetae
1179 2829 1445 2880 moveantur,
1493 2829 1538 2868 et
1566 2826 1682 2881 apud
1700 2825 1932 2871 Platonem
1960 2829 2063 2872 item
2092 2829 2150 2872 dii
2181 2843 2432 2874 comemmo-

199 2901 362 2951 rantur,
393 2908 649 2951 quamquam
670 2911 696 2940 a
715 2911 877 2940 summo
899 2898 983 2940 deo
997 2897 1134 2941 creati
1162 2896 1392 2953 finguntur.

344 2965 467 3020 Quae
495 2966 739 3011 differentia
771 2966 887 3010 inter
911 2966 1269 3011 monotheismum
1305 2967 1335 3010 J
1338 2966 1571 3010 udaeorum
1608 2969 1653 3009 et
1695 2965 2029 3024 polytheismum
2066 2968 2347 3025 Graecorum,
2385 2975 2433 3014 ut

200 3033 383 3080 usitatas
412 3049 545 3081 voces
582 3037 823 3094 adhibeam,
858 3037 999 3083 facilis
1033 3036 1259 3083 intellectu
1296 3040 1363 3081 est
1388 3035 1696 3092 consideranti,
1725 3048 1854 3092 quam
1889 3039 2137 3083 contrariae
2164 3040 2433 3085 Judaeorum

300 3126 346 3172 ⁴)
370 3126 484 3170 Quum
508 3129 637 3175 scripta
658 3128 846 3165 Clementis
862 3135 898 3165 et
920 3129 1016 3166 Sexti
1029 3129 1112 3165 mihi
1137 3140 1207 3165 uon
1232 3134 1372 3176 praesto
1398 3133 1525 3170 essent,
1551 3127 1652 3163 locos
1673 3128 1739 3164 hos
1763 3129 1936 3175 descripsi
1961 3140 2004 3164 ex
2029 3130 2130 3174 libro,
2156 3141 2258 3177 quem
2281 3142 2429 3177 compo·

198 3184 268 3221 suit
289 3183 498 3233 vehet-weg,
521 3187 582 3234 qui
606 3188 807 3225 inscribitur
846 3187 1031 3225 Grundriss
1056 3187 1119 3224 der
1144 3186 1350 3224 Geschiehte
1387 3186 1450 3223 der
1473 3185 1702 3233 Philosophie
1727 3186 1791 3226 des
1815 3187 2037 3225 Alterthum.
