<?xml version="1.0" encoding="UTF-8"?>
<!DOCTYPE html PUBLIC "-//W3C//DTD XHTML 1.0 Transitional//EN"
    "http://www.w3.org/TR/xhtml1/DTD/xhtml1-transitional.dtd">
<html xmlns="http://www.w3.org/1999/xhtml" xml:lang="en" lang="en">
 <head>
  <title>
</title>
<meta http-equiv="Content-Type" content="text/html;charset=utf-8" />
  <meta name='ocr-system' content='tesseract 3.04.00' />
  <meta name='ocr-capabilities' content='ocr_page ocr_carea ocr_par ocr_line ocrx_word'/>
</head>
<body>
  <div class='ocr_page' id='page_1' title='image "4766843_0014.png"; bbox 0 0 2921 3526; ppageno 0'>
   <div class='ocr_carea' id='block_1_1' title="bbox 1578 34 2921 222">
    <p class='ocr_par' dir='ltr' id='par_1_1' title="bbox 1578 34 2921 222">
     <span class='ocr_line' id='line_1_1' title="bbox 1791 34 2732 69; baseline -0.002 -12"><span class='ocrx_word' id='word_1_1' title='bbox 1791 38 1795 41; x_wconf 85' lang='grc'><em>”</em></span> <span class='ocrx_word' id='word_1_2' title='bbox 2021 34 2044 69; x_wconf 37' lang='grc' dir='ltr'><em>Τ</em></span> <span class='ocrx_word' id='word_1_3' title='bbox 2075 34 2108 41; x_wconf 73' lang='grc'><strong>”’</strong></span> <span class='ocrx_word' id='word_1_4' title='bbox 2127 39 2133 49; x_wconf 83' lang='grc'><strong>’“</strong></span> <span class='ocrx_word' id='word_1_5' title='bbox 2164 34 2192 63; x_wconf 41' lang='grc' dir='ltr'><strong>ἃ,</strong></span> <span class='ocrx_word' id='word_1_6' title='bbox 2212 41 2235 50; x_wconf 51' lang='grc' dir='ltr'><strong>Ὅ</strong></span> <span class='ocrx_word' id='word_1_7' title='bbox 2256 55 2260 59; x_wconf 86' lang='grc'>,</span> <span class='ocrx_word' id='word_1_8' title='bbox 2474 48 2515 69; x_wconf 23' lang='grc' dir='ltr'><strong>1,μὶ</strong></span> <span class='ocrx_word' id='word_1_9' title='bbox 2729 52 2732 55; x_wconf 79' lang='grc'>,</span> 
     </span>
     <span class='ocr_line' id='line_1_2' title="bbox 2151 69 2751 99; baseline 0 -4"><span class='ocrx_word' id='word_1_10' title='bbox 2151 74 2164 87; x_wconf 72' lang='grc'><em>“</em></span> <span class='ocrx_word' id='word_1_11' title='bbox 2444 76 2457 95; x_wconf 82' lang='grc'><strong>.·</strong></span> <span class='ocrx_word' id='word_1_12' title='bbox 2495 69 2500 84; x_wconf 80' lang='lat'><strong>¹</strong></span> <span class='ocrx_word' id='word_1_13' title='bbox 2529 80 2535 87; x_wconf 66' lang='lat'><strong>¹-</strong></span> <span class='ocrx_word' id='word_1_14' title='bbox 2554 81 2569 92; x_wconf 79' lang='lat'><strong>.—</strong></span> <span class='ocrx_word' id='word_1_15' title='bbox 2624 89 2640 96; x_wconf 71' lang='grc'><strong>.,</strong></span> <span class='ocrx_word' id='word_1_16' title='bbox 2695 69 2751 99; x_wconf 55' lang='lat' dir='ltr'><strong>‘³325ss</strong></span> 
     </span>
     <span class='ocr_line' id='line_1_3' title="bbox 2170 89 2790 110; baseline -0.002 -3"><span class='ocrx_word' id='word_1_17' title='bbox 2170 105 2173 107; x_wconf 90' lang='lat'><strong>.</strong></span> <span class='ocrx_word' id='word_1_18' title='bbox 2596 89 2740 110; x_wconf 49' lang='lat'><strong>-.-·-,-*‘«‘-&lt;</strong></span> <span class='ocrx_word' id='word_1_19' title='bbox 2783 96 2790 99; x_wconf 43' lang='lat'><strong>*-</strong></span> 
     </span>
     <span class='ocr_line' id='line_1_4' title="bbox 1578 126 2921 186; baseline -0.001 -24"><span class='ocrx_word' id='word_1_20' title='bbox 1578 126 1616 186; x_wconf 70' lang='grc'><strong>.</strong></span> <span class='ocrx_word' id='word_1_21' title='bbox 2696 131 2726 161; x_wconf 12' lang='grc' dir='ltr'><strong>η’.</strong></span> <span class='ocrx_word' id='word_1_22' title='bbox 2779 133 2824 163; x_wconf 39' lang='grc' dir='ltr'><strong>Ἀι(</strong></span> <span class='ocrx_word' id='word_1_23' title='bbox 2909 135 2921 165; x_wconf 67' lang='grc'><strong>’,</strong></span> 
     </span>
     <span class='ocr_line' id='line_1_5' title="bbox 2036 160 2921 188; baseline 0.001 -7"><span class='ocrx_word' id='word_1_24' title='bbox 2036 163 2042 167; x_wconf 85' lang='grc'><strong>”</strong></span> <span class='ocrx_word' id='word_1_25' title='bbox 2707 183 2711 186; x_wconf 40' lang='lat'><strong>¹</strong></span> <span class='ocrx_word' id='word_1_26' title='bbox 2730 177 2732 179; x_wconf 92' lang='lat'>-</span> <span class='ocrx_word' id='word_1_27' title='bbox 2748 160 2785 188; x_wconf 42' lang='lat'><strong>&#39;¹¹‘</strong></span> <span class='ocrx_word' id='word_1_28' title='bbox 2814 171 2839 181; x_wconf 62' lang='grc' dir='ltr'><strong>ιι,</strong></span> <span class='ocrx_word' id='word_1_29' title='bbox 2855 164 2862 175; x_wconf 70' lang='grc'><em>”</em></span> <span class='ocrx_word' id='word_1_30' title='bbox 2915 167 2921 182; x_wconf 59' lang='lat'>3</span> 
     </span>
     <span class='ocr_line' id='line_1_6' title="bbox 2583 186 2851 202; baseline 0 -4"><span class='ocrx_word' id='word_1_31' title='bbox 2583 189 2588 202; x_wconf 52' lang='lat' dir='ltr'>x</span> <span class='ocrx_word' id='word_1_32' title='bbox 2634 193 2638 198; x_wconf 80' lang='grc' dir='ltr'>ι</span> <span class='ocrx_word' id='word_1_33' title='bbox 2688 186 2691 189; x_wconf 52' lang='grc'><strong><em>’</em></strong></span> <span class='ocrx_word' id='word_1_34' title='bbox 2736 186 2753 192; x_wconf 60' lang='lat'><strong>⁴*</strong></span> <span class='ocrx_word' id='word_1_35' title='bbox 2838 188 2851 198; x_wconf 67' lang='lat'><strong>&#39;&#39;-</strong></span> 
     </span>
     <span class='ocr_line' id='line_1_7' title="bbox 2651 211 2732 222; baseline -0.012 0"><span class='ocrx_word' id='word_1_36' title='bbox 2651 214 2668 222; x_wconf 89' lang='lat'><strong>..</strong></span> <span class='ocrx_word' id='word_1_37' title='bbox 2708 216 2709 219; x_wconf 24' lang='grc' dir='ltr'>η</span> <span class='ocrx_word' id='word_1_38' title='bbox 2727 211 2732 217; x_wconf 84' lang='lat'><em>-</em></span> 
     </span>
    </p>
   </div>
   <div class='ocr_carea' id='block_1_2' title="bbox 1510 198 1718 209">
    <p class='ocr_par' dir='ltr' id='par_1_2' title="bbox 1510 198 1718 209">
     <span class='ocr_line' id='line_1_8' title="bbox 1510 198 1718 209; baseline 0 3317"><span class='ocrx_word' id='word_1_39' title='bbox 1510 198 1718 209; x_wconf 95' lang='lat' dir='ltr'><strong> </strong></span> 
     </span>
    </p>
   </div>
   <div class='ocr_carea' id='block_1_3' title="bbox 457 272 2843 3251">
    <p class='ocr_par' dir='ltr' id='par_1_3' title="bbox 457 272 2921 3251">
     <span class='ocr_line' id='line_1_9' title="bbox 473 272 2843 337; baseline 0.003 -13"><span class='ocrx_word' id='word_1_40' title='bbox 473 285 520 324; x_wconf 88' lang='lat' dir='ltr'><strong>et</strong></span> <span class='ocrx_word' id='word_1_41' title='bbox 537 277 806 324; x_wconf 85' lang='lat' dir='ltr'><strong>Graecorum</strong></span> <span class='ocrx_word' id='word_1_42' title='bbox 826 278 1031 325; x_wconf 81' lang='lat' dir='ltr'><strong>notiones</strong></span> <span class='ocrx_word' id='word_1_43' title='bbox 1058 280 1113 324; x_wconf 92' lang='lat' dir='ltr'><strong>de</strong></span> <span class='ocrx_word' id='word_1_44' title='bbox 1141 276 1319 324; x_wconf 83' lang='lat' dir='ltr'><strong>ratione</strong></span> <span class='ocrx_word' id='word_1_45' title='bbox 1338 283 1454 336; x_wconf 70' lang='lat' dir='ltr'><strong>sunt,</strong></span> <span class='ocrx_word' id='word_1_46' title='bbox 1485 293 1598 336; x_wconf 87' lang='lat' dir='ltr'><strong>quae</strong></span> <span class='ocrx_word' id='word_1_47' title='bbox 1625 280 1740 325; x_wconf 74' lang='lat' dir='ltr'><strong>inter</strong></span> <span class='ocrx_word' id='word_1_48' title='bbox 1751 279 1943 324; x_wconf 86' lang='lat' dir='ltr'><strong>divinum</strong></span> <span class='ocrx_word' id='word_1_49' title='bbox 1970 293 2128 326; x_wconf 90' lang='lat' dir='ltr'><strong>numen</strong></span> <span class='ocrx_word' id='word_1_50' title='bbox 2158 284 2203 326; x_wconf 89' lang='lat' dir='ltr'><strong>et</strong></span> <span class='ocrx_word' id='word_1_51' title='bbox 2230 280 2431 328; x_wconf 81' lang='lat' dir='ltr'><strong>muudum</strong></span> <span class='ocrx_word' id='word_1_52' title='bbox 2455 280 2733 329; x_wconf 55' lang='lat' dir='ltr'><strong>intereeflss</strong></span> <span class='ocrx_word' id='word_1_53' title='bbox 2770 280 2806 333; x_wconf 69' lang='lat'><em>··‘‚³</em></span> <span class='ocrx_word' id='word_1_54' title='bbox 2820 272 2843 337; x_wconf 61' lang='lat' dir='ltr'><strong>{s</strong></span> 
     </span>
     <span class='ocr_line' id='line_1_10' title="bbox 472 347 2813 409; baseline 0.001 -14"><span class='ocrx_word' id='word_1_55' title='bbox 472 349 546 395; x_wconf 88' lang='lat' dir='ltr'><strong>Illi</strong></span> <span class='ocrx_word' id='word_1_56' title='bbox 574 348 687 393; x_wconf 83' lang='lat' dir='ltr'><strong>enim</strong></span> <span class='ocrx_word' id='word_1_57' title='bbox 715 349 899 395; x_wconf 89' lang='lat' dir='ltr'><strong>credunt</strong></span> <span class='ocrx_word' id='word_1_58' title='bbox 925 350 1051 395; x_wconf 91' lang='lat' dir='ltr'><strong>deum</strong></span> <span class='ocrx_word' id='word_1_59' title='bbox 1080 347 1463 407; x_wconf 78' lang='lat' dir='ltr'><strong>sempiternum-et</strong></span> <span class='ocrx_word' id='word_1_60' title='bbox 1490 350 1649 396; x_wconf 79' lang='lat' dir='ltr'><strong>mundo</strong></span> <span class='ocrx_word' id='word_1_61' title='bbox 1678 350 1868 408; x_wconf 77' lang='lat' dir='ltr'>priorem</span> <span class='ocrx_word' id='word_1_62' title='bbox 1897 362 2014 407; x_wconf 80' lang='lat' dir='ltr'><strong>esse3</strong></span> <span class='ocrx_word' id='word_1_63' title='bbox 2042 365 2143 395; x_wconf 88' lang='lat' dir='ltr'><strong>nam</strong></span> <span class='ocrx_word' id='word_1_64' title='bbox 2171 351 2278 396; x_wconf 89' lang='lat' dir='ltr'><strong>deus</strong></span> <span class='ocrx_word' id='word_1_65' title='bbox 2305 354 2482 409; x_wconf 70' lang='lat' dir='ltr'><strong>praeter</strong></span> <span class='ocrx_word' id='word_1_66' title='bbox 2504 352 2712 403; x_wconf 65' lang='lat' dir='ltr'><strong>nandum</strong></span> <span class='ocrx_word' id='word_1_67' title='bbox 2736 399 2739 404; x_wconf 73' lang='grc'>,</span> <span class='ocrx_word' id='word_1_68' title='bbox 2804 352 2813 358; x_wconf 78' lang='grc'>”</span> 
     </span>
     <span class='ocr_line' id='line_1_11' title="bbox 473 418 2711 477; baseline 0.001 -15"><span class='ocrx_word' id='word_1_69' title='bbox 473 424 672 463; x_wconf 85' lang='lat' dir='ltr'><strong>versatus</strong></span> <span class='ocrx_word' id='word_1_70' title='bbox 692 418 922 477; x_wconf 85' lang='lat' dir='ltr'><strong>cogitatur,</strong></span> <span class='ocrx_word' id='word_1_71' title='bbox 944 420 1021 474; x_wconf 88' lang='lat' dir='ltr'><strong>qui</strong></span> <span class='ocrx_word' id='word_1_72' title='bbox 1034 419 1234 476; x_wconf 84' lang='lat' dir='ltr'><strong>potentia</strong></span> <span class='ocrx_word' id='word_1_73' title='bbox 1253 432 1332 463; x_wconf 86' lang='lat' dir='ltr'><strong>sua</strong></span> <span class='ocrx_word' id='word_1_74' title='bbox 1351 433 1407 463; x_wconf 90' lang='lat' dir='ltr'><strong>ex</strong></span> <span class='ocrx_word' id='word_1_75' title='bbox 1424 419 1561 463; x_wconf 80' lang='lat' dir='ltr'><strong>nihilo</strong></span> <span class='ocrx_word' id='word_1_76' title='bbox 1579 420 1827 463; x_wconf 79' lang='lat' dir='ltr'><strong>universum</strong></span> <span class='ocrx_word' id='word_1_77' title='bbox 1849 420 2026 463; x_wconf 85' lang='lat' dir='ltr'><strong>creavit.</strong></span> <span class='ocrx_word' id='word_1_78' title='bbox 2075 421 2146 464; x_wconf 88' lang='lat' dir='ltr'><strong>Ita</strong></span> <span class='ocrx_word' id='word_1_79' title='bbox 2156 422 2302 465; x_wconf 87' lang='lat' dir='ltr'><strong>statim</strong></span> <span class='ocrx_word' id='word_1_80' title='bbox 2321 421 2377 464; x_wconf 86' lang='lat' dir='ltr'><strong>ab</strong></span> <span class='ocrx_word' id='word_1_81' title='bbox 2396 421 2521 465; x_wconf 84' lang='lat' dir='ltr'><strong>initio</strong></span> <span class='ocrx_word' id='word_1_82' title='bbox 2541 422 2711 474; x_wconf 63' lang='lat' dir='ltr'><strong>Mod-st</strong></span> 
     </span>
     <span class='ocr_line' id='line_1_12' title="bbox 472 489 2713 548; baseline 0.001 -15"><span class='ocrx_word' id='word_1_83' title='bbox 472 490 524 533; x_wconf 91' lang='lat' dir='ltr'><strong>In</strong></span> <span class='ocrx_word' id='word_1_84' title='bbox 553 489 766 545; x_wconf 86' lang='lat' dir='ltr'><strong>principio</strong></span> <span class='ocrx_word' id='word_1_85' title='bbox 797 489 962 532; x_wconf 85' lang='lat' dir='ltr'><strong>creavit</strong></span> <span class='ocrx_word' id='word_1_86' title='bbox 990 489 1097 532; x_wconf 90' lang='lat' dir='ltr'><strong>deus</strong></span> <span class='ocrx_word' id='word_1_87' title='bbox 1126 489 1294 532; x_wconf 92' lang='lat' dir='ltr'><strong>coelum</strong></span> <span class='ocrx_word' id='word_1_88' title='bbox 1330 494 1375 532; x_wconf 92' lang='lat' dir='ltr'><strong>et</strong></span> <span class='ocrx_word' id='word_1_89' title='bbox 1408 493 1582 533; x_wconf 89' lang='lat' dir='ltr'><strong>terram.</strong></span> <span class='ocrx_word' id='word_1_90' title='bbox 1640 491 1786 544; x_wconf 80' lang='lat' dir='ltr'><strong>Atque</strong></span> <span class='ocrx_word' id='word_1_91' title='bbox 1813 489 1928 532; x_wconf 89' lang='lat' dir='ltr'><strong>idem</strong></span> <span class='ocrx_word' id='word_1_92' title='bbox 1962 490 2054 533; x_wconf 83' lang='lat' dir='ltr'><strong>fere</strong></span> <span class='ocrx_word' id='word_1_93' title='bbox 2087 490 2270 547; x_wconf 89' lang='lat' dir='ltr'><strong>legimus</strong></span> <span class='ocrx_word' id='word_1_94' title='bbox 2298 491 2399 547; x_wconf 88' lang='lat' dir='ltr'><strong>Sap.</strong></span> <span class='ocrx_word' id='word_1_95' title='bbox 2427 491 2509 546; x_wconf 85' lang='lat' dir='ltr'><strong>IX,</strong></span> <span class='ocrx_word' id='word_1_96' title='bbox 2542 492 2598 535; x_wconf 83' lang='lat' dir='ltr'><strong>l:&#39;</strong></span> <span class='ocrx_word' id='word_1_97' title='bbox 2615 492 2713 548; x_wconf 66' lang='lat' dir='ltr'><strong>Qui</strong></span> 
     </span>
     <span class='ocr_line' id='line_1_13' title="bbox 473 557 2710 616; baseline 0.001 -15"><span class='ocrx_word' id='word_1_98' title='bbox 473 558 615 602; x_wconf 80' lang='lat' dir='ltr'><strong>fecisti</strong></span> <span class='ocrx_word' id='word_1_99' title='bbox 644 557 789 600; x_wconf 90' lang='lat' dir='ltr'><strong>omnia</strong></span> <span class='ocrx_word' id='word_1_100' title='bbox 816 557 951 600; x_wconf 83' lang='lat' dir='ltr'><strong>verbo</strong></span> <span class='ocrx_word' id='word_1_101' title='bbox 982 562 1071 613; x_wconf 91' lang='lat' dir='ltr'><strong>tuo,</strong></span> <span class='ocrx_word' id='word_1_102' title='bbox 1101 563 1146 602; x_wconf 91' lang='lat' dir='ltr'><strong>et</strong></span> <span class='ocrx_word' id='word_1_103' title='bbox 1171 558 1231 602; x_wconf 84' lang='lat'><strong>11.</strong></span> <span class='ocrx_word' id='word_1_104' title='bbox 1261 558 1403 602; x_wconf 87' lang='lat' dir='ltr'><strong>Mach.</strong></span> <span class='ocrx_word' id='word_1_105' title='bbox 1436 558 1553 613; x_wconf 60' lang='lat'><strong>728:</strong></span> <span class='ocrx_word' id='word_1_106' title='bbox 1578 559 1704 614; x_wconf 80' lang='lat' dir='ltr'><strong>Peto,</strong></span> <span class='ocrx_word' id='word_1_107' title='bbox 1738 562 1854 612; x_wconf 89' lang='lat' dir='ltr'><strong>nate,</strong></span> <span class='ocrx_word' id='word_1_108' title='bbox 1890 562 1943 601; x_wconf 88' lang='lat' dir='ltr'><strong>ut</strong></span> <span class='ocrx_word' id='word_1_109' title='bbox 1967 558 2154 615; x_wconf 77' lang='lat' dir='ltr'><strong>aspicias</strong></span> <span class='ocrx_word' id='word_1_110' title='bbox 2185 561 2241 604; x_wconf 90' lang='lat' dir='ltr'><strong>ad</strong></span> <span class='ocrx_word' id='word_1_111' title='bbox 2268 560 2434 605; x_wconf 87' lang='lat' dir='ltr'><strong>coelum</strong></span> <span class='ocrx_word' id='word_1_112' title='bbox 2464 564 2510 603; x_wconf 88' lang='lat' dir='ltr'><strong>et</strong></span> <span class='ocrx_word' id='word_1_113' title='bbox 2536 563 2710 616; x_wconf 88' lang='lat' dir='ltr'><strong>terram,</strong></span> 
     </span>
     <span class='ocr_line' id='line_1_14' title="bbox 475 624 2710 684; baseline 0.001 -13"><span class='ocrx_word' id='word_1_114' title='bbox 475 634 520 671; x_wconf 88' lang='lat' dir='ltr'><strong>et</strong></span> <span class='ocrx_word' id='word_1_115' title='bbox 548 628 605 669; x_wconf 87' lang='lat' dir='ltr'><strong>ad</strong></span> <span class='ocrx_word' id='word_1_116' title='bbox 633 627 790 679; x_wconf 88' lang='lat' dir='ltr'><strong>omnia,</strong></span> <span class='ocrx_word' id='word_1_117' title='bbox 834 639 945 680; x_wconf 89' lang='lat' dir='ltr'><strong>quae</strong></span> <span class='ocrx_word' id='word_1_118' title='bbox 974 627 1019 669; x_wconf 91' lang='lat' dir='ltr'><strong>in</strong></span> <span class='ocrx_word' id='word_1_119' title='bbox 1051 627 1113 670; x_wconf 89' lang='lat' dir='ltr'><strong>eis</strong></span> <span class='ocrx_word' id='word_1_120' title='bbox 1144 633 1255 681; x_wconf 88' lang='lat' dir='ltr'><strong>sunt,</strong></span> <span class='ocrx_word' id='word_1_121' title='bbox 1302 633 1347 670; x_wconf 84' lang='lat' dir='ltr'><strong>et</strong></span> <span class='ocrx_word' id='word_1_122' title='bbox 1371 628 1617 684; x_wconf 77' lang='lat' dir='ltr'><strong>intellegas,</strong></span> <span class='ocrx_word' id='word_1_123' title='bbox 1655 628 1756 682; x_wconf 86' lang='lat' dir='ltr'><strong>quia</strong></span> <span class='ocrx_word' id='word_1_124' title='bbox 1792 641 1846 671; x_wconf 87' lang='lat' dir='ltr'><strong>ex</strong></span> <span class='ocrx_word' id='word_1_125' title='bbox 1878 624 2014 671; x_wconf 76' lang='lat' dir='ltr'><strong>nihilo</strong></span> <span class='ocrx_word' id='word_1_126' title='bbox 2042 628 2147 673; x_wconf 85' lang='lat' dir='ltr'><strong>fecit</strong></span> <span class='ocrx_word' id='word_1_127' title='bbox 2168 630 2248 674; x_wconf 89' lang='lat' dir='ltr'><strong>illa</strong></span> <span class='ocrx_word' id='word_1_128' title='bbox 2280 630 2384 673; x_wconf 91' lang='lat' dir='ltr'><strong>deus</strong></span> <span class='ocrx_word' id='word_1_129' title='bbox 2421 634 2466 672; x_wconf 90' lang='lat' dir='ltr'><strong>et</strong></span> <span class='ocrx_word' id='word_1_130' title='bbox 2493 629 2710 674; x_wconf 85' lang='lat' dir='ltr'><strong>hominum</strong></span> 
     </span>
     <span class='ocr_line' id='line_1_15' title="bbox 474 693 2709 755; baseline 0.001 -15"><span class='ocrx_word' id='word_1_131' title='bbox 474 710 624 754; x_wconf 85' lang='lat' dir='ltr'><strong>genus.</strong></span> <span class='ocrx_word' id='word_1_132' title='bbox 683 696 838 753; x_wconf 89' lang='lat' dir='ltr'><strong>Longe</strong></span> <span class='ocrx_word' id='word_1_133' title='bbox 875 693 1004 740; x_wconf 86' lang='lat' dir='ltr'><strong>aliter</strong></span> <span class='ocrx_word' id='word_1_134' title='bbox 1037 709 1108 741; x_wconf 90' lang='lat' dir='ltr'><strong>res</strong></span> <span class='ocrx_word' id='word_1_135' title='bbox 1142 710 1190 741; x_wconf 90' lang='lat' dir='ltr'><strong>se</strong></span> <span class='ocrx_word' id='word_1_136' title='bbox 1226 697 1363 741; x_wconf 90' lang='lat' dir='ltr'><strong>habet·</strong></span> <span class='ocrx_word' id='word_1_137' title='bbox 1392 697 1508 754; x_wconf 92' lang='lat' dir='ltr'><strong>apud</strong></span> <span class='ocrx_word' id='word_1_138' title='bbox 1537 696 1745 742; x_wconf 87' lang='lat' dir='ltr'><strong>Graecos.</strong></span> <span class='ocrx_word' id='word_1_139' title='bbox 1812 696 2003 750; x_wconf 88' lang='lat' dir='ltr'><strong>Quorum</strong></span> <span class='ocrx_word' id='word_1_140' title='bbox 2033 709 2089 742; x_wconf 84' lang='lat' dir='ltr'><strong>ex</strong></span> <span class='ocrx_word' id='word_1_141' title='bbox 2116 698 2320 755; x_wconf 91' lang='lat' dir='ltr'><strong>opinione</strong></span> <span class='ocrx_word' id='word_1_142' title='bbox 2354 698 2536 742; x_wconf 90' lang='lat' dir='ltr'><strong>materia</strong></span> <span class='ocrx_word' id='word_1_143' title='bbox 2565 710 2709 743; x_wconf 86' lang='lat' dir='ltr'><strong>rerum</strong></span> 
     </span>
     <span class='ocr_line' id='line_1_16' title="bbox 473 766 2709 823; baseline -0 -13"><span class='ocrx_word' id='word_1_144' title='bbox 473 771 653 811; x_wconf 86' lang='lat' dir='ltr'><strong>aeterna</strong></span> <span class='ocrx_word' id='word_1_145' title='bbox 683 771 762 821; x_wconf 88' lang='lat' dir='ltr'><strong>est,</strong></span> <span class='ocrx_word' id='word_1_146' title='bbox 799 766 859 808; x_wconf 88' lang='lat' dir='ltr'><strong>dii</strong></span> <span class='ocrx_word' id='word_1_147' title='bbox 890 770 1033 809; x_wconf 91' lang='lat' dir='ltr'><strong>autem</strong></span> <span class='ocrx_word' id='word_1_148' title='bbox 1062 770 1137 809; x_wconf 90' lang='lat' dir='ltr'><strong>aut</strong></span> <span class='ocrx_word' id='word_1_149' title='bbox 1163 766 1263 808; x_wconf 90' lang='lat' dir='ltr'><strong>inde</strong></span> <span class='ocrx_word' id='word_1_150' title='bbox 1293 766 1506 823; x_wconf 87' lang='lat' dir='ltr'><strong>originem</strong></span> <span class='ocrx_word' id='word_1_151' title='bbox 1538 767 1754 809; x_wconf 89' lang='lat' dir='ltr'><strong>duxerunt</strong></span> <span class='ocrx_word' id='word_1_152' title='bbox 1790 770 1865 808; x_wconf 90' lang='lat' dir='ltr'><strong>aut</strong></span> <span class='ocrx_word' id='word_1_153' title='bbox 1897 779 1984 808; x_wconf 91' lang='lat' dir='ltr'><strong>una</strong></span> <span class='ocrx_word' id='word_1_154' title='bbox 2013 779 2109 809; x_wconf 91' lang='lat' dir='ltr'><strong>cum</strong></span> <span class='ocrx_word' id='word_1_155' title='bbox 2142 769 2324 810; x_wconf 89' lang='lat' dir='ltr'><strong>materie</strong></span> <span class='ocrx_word' id='word_1_156' title='bbox 2360 780 2415 810; x_wconf 86' lang='lat' dir='ltr'><strong>ex</strong></span> <span class='ocrx_word' id='word_1_157' title='bbox 2450 768 2709 810; x_wconf 73' lang='lat' dir='ltr'><strong>aeternitate</strong></span> 
     </span>
     <span class='ocr_line' id='line_1_17' title="bbox 472 836 2708 892; baseline 0 -13"><span class='ocrx_word' id='word_1_158' title='bbox 472 842 585 880; x_wconf 85' lang='lat' dir='ltr'><strong>sunt.</strong></span> <span class='ocrx_word' id='word_1_159' title='bbox 644 837 724 879; x_wconf 87' lang='lat' dir='ltr'><strong>Illa</strong></span> <span class='ocrx_word' id='word_1_160' title='bbox 758 837 977 879; x_wconf 81' lang='lat' dir='ltr'><strong>sententia</strong></span> <span class='ocrx_word' id='word_1_161' title='bbox 1008 842 1076 878; x_wconf 92' lang='lat' dir='ltr'><strong>est</strong></span> <span class='ocrx_word' id='word_1_162' title='bbox 1110 837 1397 890; x_wconf 80' lang='lat' dir='ltr'><strong>antiquissimi</strong></span> <span class='ocrx_word' id='word_1_163' title='bbox 1430 837 1650 892; x_wconf 85' lang='lat' dir='ltr'><strong>temporis.</strong></span> <span class='ocrx_word' id='word_1_164' title='bbox 1715 836 1827 879; x_wconf 84' lang='lat' dir='ltr'><strong>Nam</strong></span> <span class='ocrx_word' id='word_1_165' title='bbox 1863 837 1978 891; x_wconf 89' lang='lat' dir='ltr'><strong>apud</strong></span> <span class='ocrx_word' id='word_1_166' title='bbox 2010 836 2251 880; x_wconf 86' lang='lat' dir='ltr'><strong>Homerum</strong></span> <span class='ocrx_word' id='word_1_167' title='bbox 2285 843 2335 880; x_wconf 91' lang='lat' dir='ltr'><strong>ut</strong></span> <span class='ocrx_word' id='word_1_168' title='bbox 2368 837 2512 880; x_wconf 90' lang='lat' dir='ltr'><strong>omnia</strong></span> <span class='ocrx_word' id='word_1_169' title='bbox 2546 837 2610 880; x_wconf 85' lang='lat' dir='ltr'><strong>sic</strong></span> <span class='ocrx_word' id='word_1_170' title='bbox 2648 836 2708 879; x_wconf 88' lang='lat' dir='ltr'><strong>dii</strong></span> 
     </span>
     <span class='ocr_line' id='line_1_18' title="bbox 473 895 2708 960; baseline -0 -10"><span class='ocrx_word' id='word_1_171' title='bbox 473 919 528 950; x_wconf 86' lang='lat' dir='ltr'><strong>ex</strong></span> <span class='ocrx_word' id='word_1_172' title='bbox 568 906 746 950; x_wconf 83' lang='lat' dir='ltr'><strong>Oceano</strong></span> <span class='ocrx_word' id='word_1_173' title='bbox 784 906 869 948; x_wconf 86' lang='lat' dir='ltr'><strong>orti</strong></span> <span class='ocrx_word' id='word_1_174' title='bbox 902 895 1020 959; x_wconf 71' lang='lat' dir='ltr'><strong>su&#39;nt3</strong></span> <span class='ocrx_word' id='word_1_175' title='bbox 1070 906 1185 960; x_wconf 81' lang='lat' dir='ltr'><strong>apud</strong></span> <span class='ocrx_word' id='word_1_176' title='bbox 1217 905 1465 950; x_wconf 78' lang='lat' dir='ltr'><strong>Hesiodum</strong></span> <span class='ocrx_word' id='word_1_177' title='bbox 1521 910 1665 949; x_wconf 87' lang='lat' dir='ltr'><strong>autem</strong></span> <span class='ocrx_word' id='word_1_178' title='bbox 1712 905 1793 948; x_wconf 88' lang='lat' dir='ltr'><strong>fuit</strong></span> <span class='ocrx_word' id='word_1_179' title='bbox 1833 904 1958 948; x_wconf 91' lang='lat' dir='ltr'><strong>initio</strong></span> <span class='ocrx_word' id='word_1_180' title='bbox 1999 905 2147 960; x_wconf 87' lang='lat' dir='ltr'><strong>chaos,</strong></span> <span class='ocrx_word' id='word_1_181' title='bbox 2192 906 2306 950; x_wconf 90' lang='lat' dir='ltr'><strong>unde</strong></span> <span class='ocrx_word' id='word_1_182' title='bbox 2347 905 2527 949; x_wconf 87' lang='lat' dir='ltr'><strong>mundus</strong></span> <span class='ocrx_word' id='word_1_183' title='bbox 2568 909 2613 949; x_wconf 91' lang='lat' dir='ltr'><strong>et</strong></span> <span class='ocrx_word' id='word_1_184' title='bbox 2647 902 2708 949; x_wconf 88' lang='lat' dir='ltr'><strong>dii</strong></span> 
     </span>
     <span class='ocr_line' id='line_1_19' title="bbox 473 974 2708 1032; baseline 0 -14"><span class='ocrx_word' id='word_1_185' title='bbox 473 976 783 1032; x_wconf 82' lang='lat' dir='ltr'><strong>gignebantur3</strong></span> <span class='ocrx_word' id='word_1_186' title='bbox 815 974 928 1030; x_wconf 89' lang='lat' dir='ltr'><strong>apud</strong></span> <span class='ocrx_word' id='word_1_187' title='bbox 947 979 1119 1018; x_wconf 88' lang='lat' dir='ltr'><strong>veteres</strong></span> <span class='ocrx_word' id='word_1_188' title='bbox 1138 974 1295 1018; x_wconf 83' lang='lat' dir='ltr'><strong>Jonios</strong></span> <span class='ocrx_word' id='word_1_189' title='bbox 1314 974 1597 1031; x_wconf 87' lang='lat' dir='ltr'><strong>philosophos</strong></span> <span class='ocrx_word' id='word_1_190' title='bbox 1618 987 1730 1029; x_wconf 90' lang='lat' dir='ltr'><strong>aqua</strong></span> <span class='ocrx_word' id='word_1_191' title='bbox 1748 974 1819 1017; x_wconf 90' lang='lat' dir='ltr'><strong>vel</strong></span> <span class='ocrx_word' id='word_1_192' title='bbox 1838 988 1933 1030; x_wconf 89' lang='lat' dir='ltr'><strong>aer;</strong></span> <span class='ocrx_word' id='word_1_193' title='bbox 1965 987 2114 1018; x_wconf 90' lang='lat' dir='ltr'><strong>omnes</strong></span> <span class='ocrx_word' id='word_1_194' title='bbox 2138 975 2338 1030; x_wconf 89' lang='lat' dir='ltr'><strong>denique,</strong></span> <span class='ocrx_word' id='word_1_195' title='bbox 2367 975 2440 1030; x_wconf 89' lang='lat' dir='ltr'><strong>qui</strong></span> <span class='ocrx_word' id='word_1_196' title='bbox 2453 975 2508 1018; x_wconf 87' lang='lat' dir='ltr'><strong>de</strong></span> <span class='ocrx_word' id='word_1_197' title='bbox 2530 974 2708 1031; x_wconf 85' lang='lat' dir='ltr'><strong>primor-</strong></span> 
     </span>
     <span class='ocr_line' id='line_1_20' title="bbox 472 1043 2706 1099; baseline -0 -10"><span class='ocrx_word' id='word_1_198' title='bbox 472 1046 555 1089; x_wconf 89' lang='lat' dir='ltr'><strong>diis</strong></span> <span class='ocrx_word' id='word_1_199' title='bbox 585 1059 728 1088; x_wconf 90' lang='lat' dir='ltr'><strong>rerum</strong></span> <span class='ocrx_word' id='word_1_200' title='bbox 746 1044 1033 1098; x_wconf 87' lang='lat' dir='ltr'><strong>inquirebant,</strong></span> <span class='ocrx_word' id='word_1_201' title='bbox 1065 1043 1289 1088; x_wconf 79' lang='lat' dir='ltr'><strong>materiam</strong></span> <span class='ocrx_word' id='word_1_202' title='bbox 1305 1044 1494 1099; x_wconf 86' lang='lat' dir='ltr'><strong>aliquam</strong></span> <span class='ocrx_word' id='word_1_203' title='bbox 1512 1044 1679 1088; x_wconf 90' lang='lat' dir='ltr'><strong>initium</strong></span> <span class='ocrx_word' id='word_1_204' title='bbox 1697 1057 1840 1088; x_wconf 90' lang='lat' dir='ltr'><strong>rerum</strong></span> <span class='ocrx_word' id='word_1_205' title='bbox 1861 1057 1958 1088; x_wconf 91' lang='lat' dir='ltr'><strong>esse</strong></span> <span class='ocrx_word' id='word_1_206' title='bbox 1977 1048 2237 1088; x_wconf 84' lang='lat' dir='ltr'><strong>statuerunt.</strong></span> <span class='ocrx_word' id='word_1_207' title='bbox 2297 1045 2435 1098; x_wconf 87' lang='lat' dir='ltr'><strong>Quam</strong></span> <span class='ocrx_word' id='word_1_208' title='bbox 2448 1043 2706 1089; x_wconf 88' lang='lat' dir='ltr'><strong>sententiam</strong></span> 
     </span>
     <span class='ocr_line' id='line_1_21' title="bbox 473 1114 2705 1171; baseline -0.001 -12"><span class='ocrx_word' id='word_1_209' title='bbox 473 1116 603 1160; x_wconf 89' lang='lat' dir='ltr'><strong>etiam</strong></span> <span class='ocrx_word' id='word_1_210' title='bbox 626 1116 656 1158; x_wconf 91' lang='lat' dir='ltr'><strong>ii</strong></span> <span class='ocrx_word' id='word_1_211' title='bbox 674 1114 921 1171; x_wconf 89' lang='lat' dir='ltr'><strong>philosophi</strong></span> <span class='ocrx_word' id='word_1_212' title='bbox 937 1114 1219 1169; x_wconf 87' lang='lat' dir='ltr'><strong>retinuerunt,</strong></span> <span class='ocrx_word' id='word_1_213' title='bbox 1240 1115 1314 1169; x_wconf 90' lang='lat' dir='ltr'><strong>qui</strong></span> <span class='ocrx_word' id='word_1_214' title='bbox 1332 1115 1438 1158; x_wconf 87' lang='lat' dir='ltr'><strong>nihil</strong></span> <span class='ocrx_word' id='word_1_215' title='bbox 1458 1115 1604 1158; x_wconf 84' lang='lat' dir='ltr'><strong>divino</strong></span> <span class='ocrx_word' id='word_1_216' title='bbox 1622 1114 1786 1158; x_wconf 89' lang='lat' dir='ltr'><strong>numini</strong></span> <span class='ocrx_word' id='word_1_217' title='bbox 1805 1127 1900 1158; x_wconf 89' lang='lat' dir='ltr'><strong>cum</strong></span> <span class='ocrx_word' id='word_1_218' title='bbox 1915 1114 2104 1157; x_wconf 86' lang='lat' dir='ltr'><strong>materia</strong></span> <span class='ocrx_word' id='word_1_219' title='bbox 2128 1128 2352 1159; x_wconf 90' lang='lat' dir='ltr'><strong>commune</strong></span> <span class='ocrx_word' id='word_1_220' title='bbox 2372 1128 2468 1158; x_wconf 88' lang='lat' dir='ltr'><strong>esse</strong></span> <span class='ocrx_word' id='word_1_221' title='bbox 2489 1115 2705 1158; x_wconf 79' lang='lat' dir='ltr'><strong>dicebant.</strong></span> 
     </span>
     <span class='ocr_line' id='line_1_22' title="bbox 472 1184 2707 1239; baseline 0 -13"><span class='ocrx_word' id='word_1_222' title='bbox 472 1187 570 1236; x_wconf 80' lang='lat' dir='ltr'><strong>Quo</strong></span> <span class='ocrx_word' id='word_1_223' title='bbox 598 1185 757 1226; x_wconf 91' lang='lat' dir='ltr'><strong>factum</strong></span> <span class='ocrx_word' id='word_1_224' title='bbox 787 1188 865 1235; x_wconf 88' lang='lat' dir='ltr'><strong>est,</strong></span> <span class='ocrx_word' id='word_1_225' title='bbox 894 1188 943 1224; x_wconf 92' lang='lat' dir='ltr'><strong>ut</strong></span> <span class='ocrx_word' id='word_1_226' title='bbox 972 1184 1263 1238; x_wconf 82' lang='lat' dir='ltr'><strong>Anaxagoras</strong></span> <span class='ocrx_word' id='word_1_227' title='bbox 1293 1188 1339 1226; x_wconf 87' lang='lat' dir='ltr'><strong>et</strong></span> <span class='ocrx_word' id='word_1_228' title='bbox 1366 1184 1641 1237; x_wconf 88' lang='lat' dir='ltr'><strong>Aristoteles,</strong></span> <span class='ocrx_word' id='word_1_229' title='bbox 1679 1196 1807 1237; x_wconf 90' lang='lat' dir='ltr'><strong>quum</strong></span> <span class='ocrx_word' id='word_1_230' title='bbox 1842 1184 2066 1226; x_wconf 83' lang='lat' dir='ltr'><strong>materiam</strong></span> <span class='ocrx_word' id='word_1_231' title='bbox 2093 1187 2140 1226; x_wconf 88' lang='lat' dir='ltr'><strong>et</strong></span> <span class='ocrx_word' id='word_1_232' title='bbox 2173 1184 2300 1226; x_wconf 87' lang='lat' dir='ltr'><strong>deum</strong></span> <span class='ocrx_word' id='word_1_233' title='bbox 2333 1184 2497 1239; x_wconf 88' lang='lat' dir='ltr'><strong>pariter</strong></span> <span class='ocrx_word' id='word_1_234' title='bbox 2525 1188 2707 1227; x_wconf 75' lang='lat' dir='ltr'><strong>aeterna</strong></span> 
     </span>
     <span class='ocr_line' id='line_1_23' title="bbox 471 1251 2705 1310; baseline -0.001 -12"><span class='ocrx_word' id='word_1_235' title='bbox 471 1268 569 1298; x_wconf 87' lang='lat' dir='ltr'><strong>esse</strong></span> <span class='ocrx_word' id='word_1_236' title='bbox 599 1254 807 1305; x_wconf 87' lang='lat' dir='ltr'><strong>dicerent,</strong></span> <span class='ocrx_word' id='word_1_237' title='bbox 837 1251 921 1294; x_wconf 91' lang='lat' dir='ltr'><strong>deo</strong></span> <span class='ocrx_word' id='word_1_238' title='bbox 950 1251 995 1294; x_wconf 90' lang='lat' dir='ltr'><strong>in</strong></span> <span class='ocrx_word' id='word_1_239' title='bbox 1024 1251 1181 1295; x_wconf 90' lang='lat' dir='ltr'><strong>mundo</strong></span> <span class='ocrx_word' id='word_1_240' title='bbox 1210 1253 1513 1296; x_wconf 88' lang='lat' dir='ltr'><strong>constituendo</strong></span> <span class='ocrx_word' id='word_1_241' title='bbox 1544 1266 1620 1296; x_wconf 92' lang='lat' dir='ltr'><strong>eas</strong></span> <span class='ocrx_word' id='word_1_242' title='bbox 1649 1257 1816 1296; x_wconf 86' lang='lat' dir='ltr'><strong>tantum</strong></span> <span class='ocrx_word' id='word_1_243' title='bbox 1841 1256 1990 1310; x_wconf 87' lang='lat' dir='ltr'><strong>partes</strong></span> <span class='ocrx_word' id='word_1_244' title='bbox 2015 1251 2270 1307; x_wconf 83' lang='lat' dir='ltr'><strong>tribuerent,</strong></span> <span class='ocrx_word' id='word_1_245' title='bbox 2299 1257 2348 1297; x_wconf 91' lang='lat' dir='ltr'><strong>ut</strong></span> <span class='ocrx_word' id='word_1_246' title='bbox 2373 1266 2515 1296; x_wconf 89' lang='lat' dir='ltr'><strong>rerum</strong></span> <span class='ocrx_word' id='word_1_247' title='bbox 2543 1255 2705 1296; x_wconf 80' lang='lat' dir='ltr'><strong>motum</strong></span> 
     </span>
     <span class='ocr_line' id='line_1_24' title="bbox 470 1320 2697 1379; baseline -0.001 -13"><span class='ocrx_word' id='word_1_248' title='bbox 470 1327 644 1379; x_wconf 89' lang='lat' dir='ltr'><strong>regeret</strong></span> <span class='ocrx_word' id='word_1_249' title='bbox 668 1327 798 1376; x_wconf 90' lang='lat' dir='ltr'><strong>atque</strong></span> <span class='ocrx_word' id='word_1_250' title='bbox 825 1325 1032 1364; x_wconf 88' lang='lat' dir='ltr'><strong>tueretur.</strong></span> <span class='ocrx_word' id='word_1_251' title='bbox 1078 1320 1208 1364; x_wconf 90' lang='lat' dir='ltr'><strong>Plato</strong></span> <span class='ocrx_word' id='word_1_252' title='bbox 1225 1321 1344 1365; x_wconf 91' lang='lat' dir='ltr'><strong>solus</strong></span> <span class='ocrx_word' id='word_1_253' title='bbox 1369 1322 1521 1366; x_wconf 81' lang='lat' dir='ltr'><strong>statuit</strong></span> <span class='ocrx_word' id='word_1_254' title='bbox 1539 1326 1709 1365; x_wconf 88' lang='lat' dir='ltr'><strong>creatas</strong></span> <span class='ocrx_word' id='word_1_255' title='bbox 1731 1335 1828 1365; x_wconf 89' lang='lat' dir='ltr'><strong>esse</strong></span> <span class='ocrx_word' id='word_1_256' title='bbox 1853 1321 2061 1376; x_wconf 89' lang='lat' dir='ltr'><strong>quasdam</strong></span> <span class='ocrx_word' id='word_1_257' title='bbox 2079 1321 2201 1364; x_wconf 88' lang='lat' dir='ltr'><strong>ideas</strong></span> <span class='ocrx_word' id='word_1_258' title='bbox 2221 1334 2301 1377; x_wconf 89' lang='lat' dir='ltr'><strong>per</strong></span> <span class='ocrx_word' id='word_1_259' title='bbox 2319 1334 2525 1365; x_wconf 82' lang='lat' dir='ltr'><strong>summam</strong></span> <span class='ocrx_word' id='word_1_260' title='bbox 2536 1321 2697 1375; x_wconf 87' lang='lat' dir='ltr'><strong>ideam,</strong></span> 
     </span>
     <span class='ocr_line' id='line_1_25' title="bbox 468 1390 2702 1446; baseline 0 -11"><span class='ocrx_word' id='word_1_261' title='bbox 468 1393 531 1435; x_wconf 87' lang='lat' dir='ltr'><strong>ita</strong></span> <span class='ocrx_word' id='word_1_262' title='bbox 559 1397 718 1445; x_wconf 88' lang='lat' dir='ltr'><strong>tamen,</strong></span> <span class='ocrx_word' id='word_1_263' title='bbox 752 1395 810 1445; x_wconf 88' lang='lat' dir='ltr'><strong>ut,</strong></span> <span class='ocrx_word' id='word_1_264' title='bbox 850 1390 1067 1446; x_wconf 88' lang='lat' dir='ltr'><strong>quomodo</strong></span> <span class='ocrx_word' id='word_1_265' title='bbox 1095 1404 1180 1446; x_wconf 91' lang='lat' dir='ltr'><strong>res,</strong></span> <span class='ocrx_word' id='word_1_266' title='bbox 1218 1404 1329 1446; x_wconf 87' lang='lat' dir='ltr'><strong>quae</strong></span> <span class='ocrx_word' id='word_1_267' title='bbox 1367 1392 1424 1434; x_wconf 95' lang='lat' dir='ltr'><strong>ob</strong></span> <span class='ocrx_word' id='word_1_268' title='bbox 1460 1391 1610 1435; x_wconf 90' lang='lat' dir='ltr'><strong>oculos</strong></span> <span class='ocrx_word' id='word_1_269' title='bbox 1645 1396 1886 1446; x_wconf 85' lang='lat' dir='ltr'><strong>versantur,</strong></span> <span class='ocrx_word' id='word_1_270' title='bbox 1923 1391 2181 1446; x_wconf 85' lang='lat' dir='ltr'><strong>exstiterint,</strong></span> <span class='ocrx_word' id='word_1_271' title='bbox 2216 1391 2263 1434; x_wconf 91' lang='lat' dir='ltr'><strong>in</strong></span> <span class='ocrx_word' id='word_1_272' title='bbox 2300 1391 2432 1435; x_wconf 92' lang='lat' dir='ltr'><strong>dubio</strong></span> <span class='ocrx_word' id='word_1_273' title='bbox 2466 1394 2702 1436; x_wconf 84' lang='lat' dir='ltr'><strong>remaneat.</strong></span> 
     </span>
     <span class='ocr_line' id='line_1_26' title="bbox 467 1455 2702 1515; baseline 0.001 -9"><span class='ocrx_word' id='word_1_274' title='bbox 467 1463 579 1506; x_wconf 87' lang='lat' dir='ltr'><strong>Nam</strong></span> <span class='ocrx_word' id='word_1_275' title='bbox 610 1461 725 1515; x_wconf 90' lang='lat' dir='ltr'><strong>quod</strong></span> <span class='ocrx_word' id='word_1_276' title='bbox 756 1459 910 1504; x_wconf 86' lang='lat' dir='ltr'><strong>Cicero</strong></span> <span class='ocrx_word' id='word_1_277' title='bbox 943 1461 996 1503; x_wconf 90' lang='lat' dir='ltr'><strong>de</strong></span> <span class='ocrx_word' id='word_1_278' title='bbox 1032 1466 1189 1504; x_wconf 87' lang='lat' dir='ltr'><strong>natura</strong></span> <span class='ocrx_word' id='word_1_279' title='bbox 1224 1461 1345 1505; x_wconf 84' lang='lat' dir='ltr'><strong>deor.</strong></span> <span class='ocrx_word' id='word_1_280' title='bbox 1373 1462 1408 1515; x_wconf 91' lang='lat' dir='ltr'><strong>I,</strong></span> <span class='ocrx_word' id='word_1_281' title='bbox 1448 1462 1575 1515; x_wconf 61' lang='lat'>1035</span> <span class='ocrx_word' id='word_1_282' title='bbox 1604 1462 1786 1505; x_wconf 86' lang='lat' dir='ltr'><strong>Thalem</strong></span> <span class='ocrx_word' id='word_1_283' title='bbox 1821 1462 2037 1506; x_wconf 87' lang='lat' dir='ltr'><strong>Milesium</strong></span> <span class='ocrx_word' id='word_1_284' title='bbox 2063 1462 2277 1506; x_wconf 86' lang='lat' dir='ltr'><strong>dicentem</strong></span> <span class='ocrx_word' id='word_1_285' title='bbox 2305 1463 2413 1505; x_wconf 90' lang='lat' dir='ltr'><strong>facit</strong></span> <span class='ocrx_word' id='word_1_286' title='bbox 2443 1455 2571 1507; x_wconf 85' lang='lat' dir='ltr'><strong>deum</strong></span> <span class='ocrx_word' id='word_1_287' title='bbox 2605 1477 2702 1508; x_wconf 90' lang='lat' dir='ltr'><strong>esse</strong></span> 
     </span>
     <span class='ocr_line' id='line_1_27' title="bbox 469 1529 2701 1586; baseline 0.001 -11"><span class='ocrx_word' id='word_1_288' title='bbox 469 1545 564 1576; x_wconf 82' lang='lat' dir='ltr'><strong>eam</strong></span> <span class='ocrx_word' id='word_1_289' title='bbox 595 1536 794 1584; x_wconf 89' lang='lat' dir='ltr'><strong>mentem,</strong></span> <span class='ocrx_word' id='word_1_290' title='bbox 831 1543 941 1584; x_wconf 89' lang='lat' dir='ltr'><strong>quae</strong></span> <span class='ocrx_word' id='word_1_291' title='bbox 973 1542 1028 1573; x_wconf 89' lang='lat' dir='ltr'><strong>ex</strong></span> <span class='ocrx_word' id='word_1_292' title='bbox 1064 1543 1178 1585; x_wconf 89' lang='lat' dir='ltr'><strong>aqua</strong></span> <span class='ocrx_word' id='word_1_293' title='bbox 1207 1535 1364 1575; x_wconf 89' lang='lat' dir='ltr'><strong>cuncta</strong></span> <span class='ocrx_word' id='word_1_294' title='bbox 1397 1529 1583 1585; x_wconf 88' lang='lat' dir='ltr'><strong>finxerit,</strong></span> <span class='ocrx_word' id='word_1_295' title='bbox 1619 1530 1716 1575; x_wconf 86' lang='lat' dir='ltr'><strong>falli</strong></span> <span class='ocrx_word' id='word_1_296' title='bbox 1751 1545 1847 1576; x_wconf 90' lang='lat' dir='ltr'><strong>eum</strong></span> <span class='ocrx_word' id='word_1_297' title='bbox 1881 1531 2151 1576; x_wconf 87' lang='lat' dir='ltr'><strong>manifestum</strong></span> <span class='ocrx_word' id='word_1_298' title='bbox 2182 1535 2261 1586; x_wconf 88' lang='lat' dir='ltr'><strong>est,</strong></span> <span class='ocrx_word' id='word_1_299' title='bbox 2299 1543 2427 1586; x_wconf 90' lang='lat' dir='ltr'><strong>quum</strong></span> <span class='ocrx_word' id='word_1_300' title='bbox 2461 1532 2701 1578; x_wconf 81' lang='lat' dir='ltr'><strong>Aristotele</strong></span> 
     </span>
     <span class='ocr_line' id='line_1_28' title="bbox 468 1599 2701 1658; baseline 0.001 -15"><span class='ocrx_word' id='word_1_301' title='bbox 468 1601 726 1658; x_wconf 86' lang='lat' dir='ltr'><strong>gravissimo</strong></span> <span class='ocrx_word' id='word_1_302' title='bbox 762 1604 874 1642; x_wconf 88' lang='lat' dir='ltr'><strong>teste</strong></span> <span class='ocrx_word' id='word_1_303' title='bbox 910 1599 1118 1655; x_wconf 87' lang='lat' dir='ltr'><strong>(Metaph.</strong></span> <span class='ocrx_word' id='word_1_304' title='bbox 1149 1599 1184 1653; x_wconf 92' lang='lat'><strong>1,</strong></span> <span class='ocrx_word' id='word_1_305' title='bbox 1214 1600 1260 1655; x_wconf 87' lang='lat'><strong>3)</strong></span> <span class='ocrx_word' id='word_1_306' title='bbox 1312 1601 1600 1656; x_wconf 82' lang='lat' dir='ltr'><strong>Anaxagoras</strong></span> <span class='ocrx_word' id='word_1_307' title='bbox 1637 1601 1806 1643; x_wconf 90' lang='lat' dir='ltr'><strong>demum</strong></span> <span class='ocrx_word' id='word_1_308' title='bbox 1854 1601 2076 1643; x_wconf 86' lang='lat' dir='ltr'><strong>materiam</strong></span> <span class='ocrx_word' id='word_1_309' title='bbox 2126 1605 2171 1642; x_wconf 89' lang='lat' dir='ltr'><strong>et</strong></span> <span class='ocrx_word' id='word_1_310' title='bbox 2211 1601 2400 1643; x_wconf 90' lang='lat' dir='ltr'><strong>divinum</strong></span> <span class='ocrx_word' id='word_1_311' title='bbox 2447 1602 2601 1644; x_wconf 86' lang='lat' dir='ltr'><strong>numen</strong></span> <span class='ocrx_word' id='word_1_312' title='bbox 2637 1603 2701 1646; x_wconf 88' lang='lat' dir='ltr'><strong>ita</strong></span> 
     </span>
     <span class='ocr_line' id='line_1_29' title="bbox 467 1668 2700 1725; baseline 0 -12"><span class='ocrx_word' id='word_1_313' title='bbox 467 1673 582 1714; x_wconf 82' lang='lat' dir='ltr'><strong>inter</strong></span> <span class='ocrx_word' id='word_1_314' title='bbox 617 1684 663 1713; x_wconf 85' lang='lat' dir='ltr'><strong>sc</strong></span> <span class='ocrx_word' id='word_1_315' title='bbox 703 1670 958 1725; x_wconf 89' lang='lat' dir='ltr'><strong>opposuisse</strong></span> <span class='ocrx_word' id='word_1_316' title='bbox 993 1670 1174 1712; x_wconf 85' lang='lat' dir='ltr'><strong>dicatur.</strong></span> <span class='ocrx_word' id='word_1_317' title='bbox 1242 1668 1364 1721; x_wconf 88' lang='lat' dir='ltr'><strong>Quae</strong></span> <span class='ocrx_word' id='word_1_318' title='bbox 1398 1682 1470 1712; x_wconf 88' lang='lat' dir='ltr'><strong>res</strong></span> <span class='ocrx_word' id='word_1_319' title='bbox 1499 1682 1627 1723; x_wconf 90' lang='lat' dir='ltr'><strong>quum</strong></span> <span class='ocrx_word' id='word_1_320' title='bbox 1662 1670 1726 1713; x_wconf 91' lang='lat' dir='ltr'><strong>ita</strong></span> <span class='ocrx_word' id='word_1_321' title='bbox 1759 1671 1828 1724; x_wconf 90' lang='lat' dir='ltr'><strong>sit,</strong></span> <span class='ocrx_word' id='word_1_322' title='bbox 1866 1683 2029 1713; x_wconf 90' lang='lat' dir='ltr'><strong>summa</strong></span> <span class='ocrx_word' id='word_1_323' title='bbox 2062 1670 2175 1712; x_wconf 91' lang='lat' dir='ltr'><strong>ratio</strong></span> <span class='ocrx_word' id='word_1_324' title='bbox 2212 1671 2446 1725; x_wconf 88' lang='lat' dir='ltr'><strong>cogitandi,</strong></span> <span class='ocrx_word' id='word_1_325' title='bbox 2482 1672 2538 1713; x_wconf 91' lang='lat' dir='ltr'><strong>ad</strong></span> <span class='ocrx_word' id='word_1_326' title='bbox 2573 1684 2700 1725; x_wconf 89' lang='lat' dir='ltr'><strong>quam</strong></span> 
     </span>
     <span class='ocr_line' id='line_1_30' title="bbox 468 1737 2698 1796; baseline 0 -13"><span class='ocrx_word' id='word_1_327' title='bbox 468 1753 588 1783; x_wconf 88' lang='lat' dir='ltr'><strong>mens</strong></span> <span class='ocrx_word' id='word_1_328' title='bbox 616 1740 803 1782; x_wconf 89' lang='lat' dir='ltr'><strong>humana</strong></span> <span class='ocrx_word' id='word_1_329' title='bbox 829 1738 1091 1781; x_wconf 87' lang='lat' dir='ltr'><strong>necessitate</strong></span> <span class='ocrx_word' id='word_1_330' title='bbox 1121 1737 1307 1792; x_wconf 90' lang='lat' dir='ltr'><strong>quadam</strong></span> <span class='ocrx_word' id='word_1_331' title='bbox 1337 1738 1520 1794; x_wconf 89' lang='lat' dir='ltr'><strong>cogitur,</strong></span> <span class='ocrx_word' id='word_1_332' title='bbox 1552 1739 1666 1795; x_wconf 91' lang='lat' dir='ltr'><strong>apud</strong></span> <span class='ocrx_word' id='word_1_333' title='bbox 1685 1738 1881 1782; x_wconf 82' lang='lat' dir='ltr'><strong>Judaeos</strong></span> <span class='ocrx_word' id='word_1_334' title='bbox 1909 1738 1955 1782; x_wconf 86' lang='lat' dir='ltr'><strong>in</strong></span> <span class='ocrx_word' id='word_1_335' title='bbox 1980 1738 2128 1782; x_wconf 87' lang='lat' dir='ltr'><strong>divino</strong></span> <span class='ocrx_word' id='word_1_336' title='bbox 2153 1739 2338 1794; x_wconf 90' lang='lat' dir='ltr'><strong>numine,</strong></span> <span class='ocrx_word' id='word_1_337' title='bbox 2369 1739 2484 1796; x_wconf 92' lang='lat' dir='ltr'><strong>apud</strong></span> <span class='ocrx_word' id='word_1_338' title='bbox 2504 1739 2698 1784; x_wconf 84' lang='lat' dir='ltr'><strong>Graecos</strong></span> 
     </span>
     <span class='ocr_line' id='line_1_31' title="bbox 467 1808 2697 1865; baseline 0 -13"><span class='ocrx_word' id='word_1_339' title='bbox 467 1811 512 1852; x_wconf 91' lang='lat' dir='ltr'><strong>in</strong></span> <span class='ocrx_word' id='word_1_340' title='bbox 531 1809 690 1851; x_wconf 91' lang='lat' dir='ltr'><strong>mundo</strong></span> <span class='ocrx_word' id='word_1_341' title='bbox 710 1809 800 1851; x_wconf 89' lang='lat' dir='ltr'><strong>sita</strong></span> <span class='ocrx_word' id='word_1_342' title='bbox 820 1812 899 1850; x_wconf 90' lang='lat' dir='ltr'><strong>est.</strong></span> <span class='ocrx_word' id='word_1_343' title='bbox 958 1808 1059 1850; x_wconf 90' lang='lat' dir='ltr'><strong>Huc</strong></span> <span class='ocrx_word' id='word_1_344' title='bbox 1078 1812 1221 1850; x_wconf 86' lang='lat' dir='ltr'><strong>autem</strong></span> <span class='ocrx_word' id='word_1_345' title='bbox 1241 1809 1423 1862; x_wconf 89' lang='lat' dir='ltr'><strong>accedit,</strong></span> <span class='ocrx_word' id='word_1_346' title='bbox 1447 1809 1564 1861; x_wconf 92' lang='lat' dir='ltr'><strong>quod</strong></span> <span class='ocrx_word' id='word_1_347' title='bbox 1584 1809 1699 1864; x_wconf 89' lang='lat' dir='ltr'><strong>apud</strong></span> <span class='ocrx_word' id='word_1_348' title='bbox 1720 1809 1915 1852; x_wconf 89' lang='lat' dir='ltr'><strong>Graecos</strong></span> <span class='ocrx_word' id='word_1_349' title='bbox 1934 1809 1980 1851; x_wconf 91' lang='lat' dir='ltr'><strong>in</strong></span> <span class='ocrx_word' id='word_1_350' title='bbox 1998 1809 2236 1864; x_wconf 86' lang='lat' dir='ltr'><strong>religionis,</strong></span> <span class='ocrx_word' id='word_1_351' title='bbox 2254 1810 2488 1865; x_wconf 85' lang='lat' dir='ltr'><strong>praecipue</strong></span> <span class='ocrx_word' id='word_1_352' title='bbox 2508 1810 2697 1864; x_wconf 88' lang='lat' dir='ltr'><strong>deorum,</strong></span> 
     </span>
     <span class='ocr_line' id='line_1_32' title="bbox 465 1877 2697 1936; baseline -0.001 -12"><span class='ocrx_word' id='word_1_353' title='bbox 465 1878 715 1924; x_wconf 88' lang='lat' dir='ltr'><strong>notionibus</strong></span> <span class='ocrx_word' id='word_1_354' title='bbox 728 1878 966 1924; x_wconf 87' lang='lat' dir='ltr'><strong>formandis</strong></span> <span class='ocrx_word' id='word_1_355' title='bbox 982 1891 1102 1922; x_wconf 88' lang='lat' dir='ltr'><strong>mens</strong></span> <span class='ocrx_word' id='word_1_356' title='bbox 1124 1878 1293 1933; x_wconf 86' lang='lat' dir='ltr'><strong>quidvis</strong></span> <span class='ocrx_word' id='word_1_357' title='bbox 1313 1878 1583 1936; x_wconf 84' lang='lat' dir='ltr'><strong>cogitatione</strong></span> <span class='ocrx_word' id='word_1_358' title='bbox 1600 1878 1853 1936; x_wconf 87' lang='lat' dir='ltr'><strong>depingens,</strong></span> <span class='ocrx_word' id='word_1_359' title='bbox 1884 1890 2011 1934; x_wconf 86' lang='lat' dir='ltr'><strong>quam</strong></span> <span class='ocrx_word' id='word_1_360' title='bbox 2028 1882 2190 1923; x_wconf 90' lang='lat' dir='ltr'><strong>vocant</strong></span> <span class='ocrx_word' id='word_1_361' title='bbox 2208 1877 2491 1936; x_wconf 83' lang='lat' dir='ltr'><strong>phantasiam,</strong></span> <span class='ocrx_word' id='word_1_362' title='bbox 2522 1877 2697 1923; x_wconf 91' lang='lat' dir='ltr'><strong>multum</strong></span> 
     </span>
     <span class='ocr_line' id='line_1_33' title="bbox 465 1948 2697 2005; baseline 0 -14"><span class='ocrx_word' id='word_1_363' title='bbox 465 1949 669 1992; x_wconf 88' lang='lat' dir='ltr'><strong>valuisse.</strong></span> <span class='ocrx_word' id='word_1_364' title='bbox 731 1949 853 2002; x_wconf 88' lang='lat' dir='ltr'><strong>Quae</strong></span> <span class='ocrx_word' id='word_1_365' title='bbox 871 1949 983 1991; x_wconf 83' lang='lat' dir='ltr'><strong>enim</strong></span> <span class='ocrx_word' id='word_1_366' title='bbox 1003 1949 1201 1992; x_wconf 89' lang='lat' dir='ltr'><strong>sensibus</strong></span> <span class='ocrx_word' id='word_1_367' title='bbox 1220 1953 1520 2005; x_wconf 89' lang='lat' dir='ltr'><strong>perceperant,</strong></span> <span class='ocrx_word' id='word_1_368' title='bbox 1551 1962 1605 1991; x_wconf 88' lang='lat' dir='ltr'><strong>ea</strong></span> <span class='ocrx_word' id='word_1_369' title='bbox 1622 1949 1678 1991; x_wconf 87' lang='lat' dir='ltr'><strong>ad</strong></span> <span class='ocrx_word' id='word_1_370' title='bbox 1698 1949 1834 1991; x_wconf 89' lang='lat' dir='ltr'><strong>iustas</strong></span> <span class='ocrx_word' id='word_1_371' title='bbox 1854 1961 2009 1991; x_wconf 83' lang='lat' dir='ltr'><strong>causas</strong></span> <span class='ocrx_word' id='word_1_372' title='bbox 2030 1948 2296 2004; x_wconf 86' lang='lat' dir='ltr'><strong>cogitatione</strong></span> <span class='ocrx_word' id='word_1_373' title='bbox 2321 1949 2485 1991; x_wconf 87' lang='lat' dir='ltr'><strong>referre</strong></span> <span class='ocrx_word' id='word_1_374' title='bbox 2511 1949 2697 2004; x_wconf 87' lang='lat' dir='ltr'><strong>impares</strong></span> 
     </span>
     <span class='ocr_line' id='line_1_34' title="bbox 466 2016 2697 2075; baseline -0.001 -12"><span class='ocrx_word' id='word_1_375' title='bbox 466 2019 589 2075; x_wconf 82' lang='lat' dir='ltr'><strong>quasi</strong></span> <span class='ocrx_word' id='word_1_376' title='bbox 619 2018 738 2063; x_wconf 77' lang='lat' dir='ltr'><strong>sacta</strong></span> <span class='ocrx_word' id='word_1_377' title='bbox 767 2020 823 2063; x_wconf 86' lang='lat' dir='ltr'><strong>ab</strong></span> <span class='ocrx_word' id='word_1_378' title='bbox 853 2018 1071 2062; x_wconf 88' lang='lat' dir='ltr'><strong>animante</strong></span> <span class='ocrx_word' id='word_1_379' title='bbox 1100 2017 1287 2072; x_wconf 86' lang='lat' dir='ltr'><strong>quodam</strong></span> <span class='ocrx_word' id='word_1_380' title='bbox 1314 2017 1550 2075; x_wconf 89' lang='lat' dir='ltr'><strong>fingebant.</strong></span> <span class='ocrx_word' id='word_1_381' title='bbox 1593 2016 1755 2062; x_wconf 84' lang='lat' dir='ltr'><strong>Rerum</strong></span> <span class='ocrx_word' id='word_1_382' title='bbox 1785 2021 1927 2061; x_wconf 89' lang='lat' dir='ltr'><strong>autem</strong></span> <span class='ocrx_word' id='word_1_383' title='bbox 1955 2022 2123 2072; x_wconf 88' lang='lat' dir='ltr'><strong>natura,</strong></span> <span class='ocrx_word' id='word_1_384' title='bbox 2153 2020 2281 2072; x_wconf 85' lang='lat' dir='ltr'><strong>quam</strong></span> <span class='ocrx_word' id='word_1_385' title='bbox 2308 2030 2460 2074; x_wconf 88' lang='lat' dir='ltr'><strong>parum</strong></span> <span class='ocrx_word' id='word_1_386' title='bbox 2495 2021 2697 2062; x_wconf 81' lang='lat' dir='ltr'><strong>accurate</strong></span> 
     </span>
     <span class='ocr_line' id='line_1_35' title="bbox 466 2085 2720 2147; baseline -0.002 -13"><span class='ocrx_word' id='word_1_387' title='bbox 466 2090 736 2147; x_wconf 88' lang='lat' dir='ltr'><strong>exploratam</strong></span> <span class='ocrx_word' id='word_1_388' title='bbox 766 2088 1152 2144; x_wconf 86' lang='lat' dir='ltr'><strong>amplectebantur,</strong></span> <span class='ocrx_word' id='word_1_389' title='bbox 1183 2085 1505 2141; x_wconf 88' lang='lat' dir='ltr'><strong>antiquissimos</strong></span> <span class='ocrx_word' id='word_1_390' title='bbox 1535 2088 1729 2131; x_wconf 84' lang='lat' dir='ltr'><strong>homines</strong></span> <span class='ocrx_word' id='word_1_391' title='bbox 1760 2088 1911 2130; x_wconf 90' lang='lat' dir='ltr'><strong>mirum</strong></span> <span class='ocrx_word' id='word_1_392' title='bbox 1939 2088 1984 2130; x_wconf 92' lang='lat' dir='ltr'><strong>in</strong></span> <span class='ocrx_word' id='word_1_393' title='bbox 2012 2087 2184 2130; x_wconf 91' lang='lat' dir='ltr'><strong>modum</strong></span> <span class='ocrx_word' id='word_1_394' title='bbox 2220 2086 2377 2143; x_wconf 89' lang='lat' dir='ltr'><strong>tetigit.</strong></span> <span class='ocrx_word' id='word_1_395' title='bbox 2444 2086 2581 2138; x_wconf 86' lang='lat' dir='ltr'><strong>Quum</strong></span> <span class='ocrx_word' id='word_1_396' title='bbox 2609 2087 2720 2130; x_wconf 82' lang='lat' dir='ltr'><strong>iam·</strong></span> 
     </span>
     <span class='ocr_line' id='line_1_36' title="bbox 465 2156 2695 2208; baseline -0.001 -8"><span class='ocrx_word' id='word_1_397' title='bbox 465 2160 643 2200; x_wconf 86' lang='lat' dir='ltr'><strong>fulmina</strong></span> <span class='ocrx_word' id='word_1_398' title='bbox 671 2160 726 2199; x_wconf 90' lang='lat' dir='ltr'><strong>de</strong></span> <span class='ocrx_word' id='word_1_399' title='bbox 756 2158 882 2199; x_wconf 91' lang='lat' dir='ltr'><strong>coelo</strong></span> <span class='ocrx_word' id='word_1_400' title='bbox 910 2158 1002 2199; x_wconf 89' lang='lat' dir='ltr'><strong>icta</strong></span> <span class='ocrx_word' id='word_1_401' title='bbox 1028 2156 1237 2197; x_wconf 86' lang='lat' dir='ltr'><strong>videbant</strong></span> <span class='ocrx_word' id='word_1_402' title='bbox 1266 2161 1310 2197; x_wconf 88' lang='lat' dir='ltr'><strong>et</strong></span> <span class='ocrx_word' id='word_1_403' title='bbox 1337 2158 1531 2199; x_wconf 88' lang='lat' dir='ltr'><strong>tonitrua</strong></span> <span class='ocrx_word' id='word_1_404' title='bbox 1558 2158 1723 2198; x_wconf 89' lang='lat' dir='ltr'><strong>animos</strong></span> <span class='ocrx_word' id='word_1_405' title='bbox 1752 2161 1922 2198; x_wconf 89' lang='lat' dir='ltr'><strong>terrore</strong></span> <span class='ocrx_word' id='word_1_406' title='bbox 1942 2156 2179 2198; x_wconf 77' lang='lat' dir='ltr'><strong>excitantia</strong></span> <span class='ocrx_word' id='word_1_407' title='bbox 2203 2156 2449 2208; x_wconf 88' lang='lat' dir='ltr'><strong>audiebant,</strong></span> <span class='ocrx_word' id='word_1_408' title='bbox 2480 2157 2695 2208; x_wconf 89' lang='lat' dir='ltr'><strong>quomodo</strong></span> 
     </span>
     <span class='ocr_line' id='line_1_37' title="bbox 467 2223 2696 2280; baseline -0.001 -9"><span class='ocrx_word' id='word_1_409' title='bbox 467 2242 519 2271; x_wconf 89' lang='lat' dir='ltr'><strong>ea</strong></span> <span class='ocrx_word' id='word_1_410' title='bbox 548 2228 713 2280; x_wconf 88' lang='lat' dir='ltr'><strong>fierent,</strong></span> <span class='ocrx_word' id='word_1_411' title='bbox 745 2227 874 2269; x_wconf 89' lang='lat' dir='ltr'><strong>aliter</strong></span> <span class='ocrx_word' id='word_1_412' title='bbox 901 2225 1114 2268; x_wconf 90' lang='lat' dir='ltr'><strong>rationem</strong></span> <span class='ocrx_word' id='word_1_413' title='bbox 1144 2224 1329 2269; x_wconf 89' lang='lat' dir='ltr'><strong>reddere</strong></span> <span class='ocrx_word' id='word_1_414' title='bbox 1363 2226 1601 2280; x_wconf 89' lang='lat' dir='ltr'><strong>nequibant</strong></span> <span class='ocrx_word' id='word_1_415' title='bbox 1628 2237 1756 2280; x_wconf 92' lang='lat' dir='ltr'><strong>quam</strong></span> <span class='ocrx_word' id='word_1_416' title='bbox 1784 2225 1955 2268; x_wconf 90' lang='lat' dir='ltr'><strong>numine</strong></span> <span class='ocrx_word' id='word_1_417' title='bbox 1983 2224 2143 2280; x_wconf 89' lang='lat' dir='ltr'><strong>posito,</strong></span> <span class='ocrx_word' id='word_1_418' title='bbox 2179 2224 2297 2279; x_wconf 89' lang='lat' dir='ltr'><strong>quod</strong></span> <span class='ocrx_word' id='word_1_419' title='bbox 2330 2223 2468 2280; x_wconf 89' lang='lat' dir='ltr'><strong>ipsum</strong></span> <span class='ocrx_word' id='word_1_420' title='bbox 2501 2223 2696 2268; x_wconf 81' lang='lat' dir='ltr'><strong>animans</strong></span> 
     </span>
     <span class='ocr_line' id='line_1_38' title="bbox 467 2293 2695 2351; baseline -0.001 -12"><span class='ocrx_word' id='word_1_421' title='bbox 467 2303 511 2339; x_wconf 89' lang='lat' dir='ltr'><strong>ct</strong></span> <span class='ocrx_word' id='word_1_422' title='bbox 538 2297 724 2339; x_wconf 86' lang='lat' dir='ltr'><strong>humana</strong></span> <span class='ocrx_word' id='word_1_423' title='bbox 754 2294 899 2351; x_wconf 91' lang='lat' dir='ltr'><strong>specie</strong></span> <span class='ocrx_word' id='word_1_424' title='bbox 929 2294 1123 2336; x_wconf 89' lang='lat' dir='ltr'><strong>indutum</strong></span> <span class='ocrx_word' id='word_1_425' title='bbox 1151 2293 1230 2336; x_wconf 89' lang='lat' dir='ltr'><strong>illa</strong></span> <span class='ocrx_word' id='word_1_426' title='bbox 1260 2293 1463 2337; x_wconf 87' lang='lat' dir='ltr'><strong>efficeret.</strong></span> <span class='ocrx_word' id='word_1_427' title='bbox 1523 2294 1687 2350; x_wconf 85' lang='lat' dir='ltr'><strong>Figura</strong></span> <span class='ocrx_word' id='word_1_428' title='bbox 1717 2298 1861 2337; x_wconf 88' lang='lat' dir='ltr'><strong>autem</strong></span> <span class='ocrx_word' id='word_1_429' title='bbox 1889 2298 1934 2337; x_wconf 92' lang='lat' dir='ltr'><strong>et</strong></span> <span class='ocrx_word' id='word_1_430' title='bbox 1960 2297 2056 2336; x_wconf 86' lang='lat' dir='ltr'><strong>tota</strong></span> <span class='ocrx_word' id='word_1_431' title='bbox 2074 2297 2231 2336; x_wconf 88' lang='lat' dir='ltr'><strong>natura</strong></span> <span class='ocrx_word' id='word_1_432' title='bbox 2259 2293 2443 2336; x_wconf 90' lang='lat' dir='ltr'><strong>numinis</strong></span> <span class='ocrx_word' id='word_1_433' title='bbox 2463 2293 2520 2335; x_wconf 89' lang='lat' dir='ltr'><strong>ad</strong></span> <span class='ocrx_word' id='word_1_434' title='bbox 2543 2305 2695 2336; x_wconf 88' lang='lat' dir='ltr'><strong>sensus</strong></span> 
     </span>
     <span class='ocr_line' id='line_1_39' title="bbox 466 2360 2697 2420; baseline -0.002 -13"><span class='ocrx_word' id='word_1_435' title='bbox 466 2365 841 2420; x_wconf 82' lang='lat' dir='ltr'><strong>excogitabantur,</strong></span> <span class='ocrx_word' id='word_1_436' title='bbox 879 2375 987 2417; x_wconf 91' lang='lat' dir='ltr'><strong>quos</strong></span> <span class='ocrx_word' id='word_1_437' title='bbox 1029 2361 1180 2404; x_wconf 88' lang='lat' dir='ltr'><strong>oblata</strong></span> <span class='ocrx_word' id='word_1_438' title='bbox 1215 2375 1286 2404; x_wconf 90' lang='lat' dir='ltr'><strong>res</strong></span> <span class='ocrx_word' id='word_1_439' title='bbox 1322 2363 1366 2404; x_wconf 91' lang='lat' dir='ltr'><strong>in</strong></span> <span class='ocrx_word' id='word_1_440' title='bbox 1401 2363 1573 2405; x_wconf 90' lang='lat' dir='ltr'><strong>homine</strong></span> <span class='ocrx_word' id='word_1_441' title='bbox 1612 2363 1896 2406; x_wconf 85' lang='lat' dir='ltr'><strong>excitaverat.</strong></span> <span class='ocrx_word' id='word_1_442' title='bbox 1968 2363 2153 2414; x_wconf 87' lang='lat' dir='ltr'><strong>Quando</strong></span> <span class='ocrx_word' id='word_1_443' title='bbox 2193 2360 2372 2403; x_wconf 85' lang='lat' dir='ltr'><strong>fulmina</strong></span> <span class='ocrx_word' id='word_1_444' title='bbox 2418 2366 2463 2404; x_wconf 91' lang='lat' dir='ltr'><strong>et</strong></span> <span class='ocrx_word' id='word_1_445' title='bbox 2506 2361 2697 2404; x_wconf 89' lang='lat' dir='ltr'><strong>tonitrua</strong></span> 
     </span>
     <span class='ocr_line' id='line_1_40' title="bbox 464 2430 2696 2488; baseline -0.001 -12"><span class='ocrx_word' id='word_1_446' title='bbox 464 2435 700 2487; x_wconf 87' lang='lat' dir='ltr'><strong>terrebant,</strong></span> <span class='ocrx_word' id='word_1_447' title='bbox 731 2435 759 2476; x_wconf 83' lang='lat' dir='ltr'>J</span> <span class='ocrx_word' id='word_1_448' title='bbox 764 2446 887 2474; x_wconf 89' lang='lat' dir='ltr'><strong>ovem</strong></span> <span class='ocrx_word' id='word_1_449' title='bbox 915 2433 1055 2488; x_wconf 89' lang='lat' dir='ltr'><strong>ipsum</strong></span> <span class='ocrx_word' id='word_1_450' title='bbox 1082 2432 1346 2486; x_wconf 90' lang='lat' dir='ltr'><strong>iracundum,</strong></span> <span class='ocrx_word' id='word_1_451' title='bbox 1378 2433 1444 2475; x_wconf 90' lang='lat' dir='ltr'><strong>sin</strong></span> <span class='ocrx_word' id='word_1_452' title='bbox 1474 2437 1617 2475; x_wconf 89' lang='lat' dir='ltr'><strong>autem</strong></span> <span class='ocrx_word' id='word_1_453' title='bbox 1637 2432 1804 2476; x_wconf 89' lang='lat' dir='ltr'><strong>coelum</strong></span> <span class='ocrx_word' id='word_1_454' title='bbox 1832 2433 2030 2475; x_wconf 87' lang='lat' dir='ltr'><strong>serenum</strong></span> <span class='ocrx_word' id='word_1_455' title='bbox 2060 2430 2311 2487; x_wconf 72' lang='lat' dir='ltr'><strong>effulgebat,</strong></span> <span class='ocrx_word' id='word_1_456' title='bbox 2338 2442 2494 2473; x_wconf 88' lang='lat' dir='ltr'><strong>numen</strong></span> <span class='ocrx_word' id='word_1_457' title='bbox 2512 2442 2696 2485; x_wconf 89' lang='lat' dir='ltr'><strong>quoque,</strong></span> 
     </span>
     <span class='ocr_line' id='line_1_41' title="bbox 465 2499 2695 2559; baseline -0.002 -13"><span class='ocrx_word' id='word_1_458' title='bbox 465 2505 580 2559; x_wconf 88' lang='lat' dir='ltr'><strong>quod</strong></span> <span class='ocrx_word' id='word_1_459' title='bbox 618 2504 700 2546; x_wconf 91' lang='lat' dir='ltr'><strong>hoc</strong></span> <span class='ocrx_word' id='word_1_460' title='bbox 730 2502 970 2558; x_wconf 85' lang='lat' dir='ltr'><strong>perficeret,</strong></span> <span class='ocrx_word' id='word_1_461' title='bbox 1007 2501 1146 2544; x_wconf 86' lang='lat' dir='ltr'><strong>hilare</strong></span> <span class='ocrx_word' id='word_1_462' title='bbox 1182 2506 1317 2556; x_wconf 83' lang='lat' dir='ltr'><strong>atque·</strong></span> <span class='ocrx_word' id='word_1_463' title='bbox 1348 2502 1580 2558; x_wconf 83' lang='lat' dir='ltr'><strong>benignum</strong></span> <span class='ocrx_word' id='word_1_464' title='bbox 1616 2501 1711 2545; x_wconf 80' lang='lat' dir='ltr'><strong>esse&#39;</strong></span> <span class='ocrx_word' id='word_1_465' title='bbox 1747 2501 2064 2545; x_wconf 87' lang='lat' dir='ltr'><strong>existimabant.</strong></span> <span class='ocrx_word' id='word_1_466' title='bbox 2134 2500 2212 2545; x_wconf 89' lang='lat' dir='ltr'><strong>Sol</strong></span> <span class='ocrx_word' id='word_1_467' title='bbox 2246 2512 2372 2543; x_wconf 89' lang='lat' dir='ltr'><strong>mane</strong></span> <span class='ocrx_word' id='word_1_468' title='bbox 2402 2499 2457 2542; x_wconf 92' lang='lat' dir='ltr'><strong>ad</strong></span> <span class='ocrx_word' id='word_1_469' title='bbox 2488 2500 2695 2543; x_wconf 88' lang='lat' dir='ltr'><strong>orientem</strong></span> 
     </span>
     <span class='ocr_line' id='line_1_42' title="bbox 463 2569 2694 2628; baseline -0.001 -13"><span class='ocrx_word' id='word_1_470' title='bbox 463 2587 615 2617; x_wconf 88' lang='lat' dir='ltr'><strong>versus</strong></span> <span class='ocrx_word' id='word_1_471' title='bbox 645 2572 913 2628; x_wconf 87' lang='lat' dir='ltr'><strong>conspicuus,</strong></span> <span class='ocrx_word' id='word_1_472' title='bbox 948 2569 1179 2627; x_wconf 88' lang='lat' dir='ltr'><strong>postquam</strong></span> <span class='ocrx_word' id='word_1_473' title='bbox 1208 2584 1287 2628; x_wconf 90' lang='lat' dir='ltr'><strong>per</strong></span> <span class='ocrx_word' id='word_1_474' title='bbox 1322 2572 1492 2615; x_wconf 89' lang='lat' dir='ltr'><strong>coelum</strong></span> <span class='ocrx_word' id='word_1_475' title='bbox 1525 2585 1696 2615; x_wconf 91' lang='lat' dir='ltr'><strong>cursum</strong></span> <span class='ocrx_word' id='word_1_476' title='bbox 1724 2571 1919 2627; x_wconf 90' lang='lat' dir='ltr'><strong>perfecit,</strong></span> <span class='ocrx_word' id='word_1_477' title='bbox 1956 2571 2001 2614; x_wconf 91' lang='lat' dir='ltr'><strong>in</strong></span> <span class='ocrx_word' id='word_1_478' title='bbox 2038 2571 2264 2615; x_wconf 89' lang='lat' dir='ltr'><strong>occidente</strong></span> <span class='ocrx_word' id='word_1_479' title='bbox 2300 2570 2528 2614; x_wconf 91' lang='lat' dir='ltr'><strong>obscurum</strong></span> <span class='ocrx_word' id='word_1_480' title='bbox 2561 2569 2694 2614; x_wconf 89' lang='lat' dir='ltr'><strong>subit:</strong></span> 
     </span>
     <span class='ocr_line' id='line_1_43' title="bbox 462 2639 2699 2699; baseline -0.001 -12"><span class='ocrx_word' id='word_1_481' title='bbox 462 2641 564 2687; x_wconf 85' lang='lat' dir='ltr'><strong>inde</strong></span> <span class='ocrx_word' id='word_1_482' title='bbox 593 2641 740 2685; x_wconf 81' lang='lat' dir='ltr'><strong>vivida</strong></span> <span class='ocrx_word' id='word_1_483' title='bbox 768 2654 888 2685; x_wconf 90' lang='lat' dir='ltr'><strong>mens</strong></span> <span class='ocrx_word' id='word_1_484' title='bbox 917 2640 1150 2697; x_wconf 85' lang='lat' dir='ltr'><strong>imaginem</strong></span> <span class='ocrx_word' id='word_1_485' title='bbox 1180 2640 1253 2685; x_wconf 91' lang='lat' dir='ltr'><strong>dei</strong></span> <span class='ocrx_word' id='word_1_486' title='bbox 1282 2641 1342 2685; x_wconf 87' lang='lat' dir='ltr'><strong>ita</strong></span> <span class='ocrx_word' id='word_1_487' title='bbox 1374 2641 1582 2699; x_wconf 88' lang='lat' dir='ltr'><strong>depinxit,</strong></span> <span class='ocrx_word' id='word_1_488' title='bbox 1612 2645 1659 2685; x_wconf 89' lang='lat' dir='ltr'><strong>ut</strong></span> <span class='ocrx_word' id='word_1_489' title='bbox 1682 2641 1788 2684; x_wconf 90' lang='lat' dir='ltr'><strong>deus</strong></span> <span class='ocrx_word' id='word_1_490' title='bbox 1819 2641 2048 2684; x_wconf 91' lang='lat' dir='ltr'><strong>admodum</strong></span> <span class='ocrx_word' id='word_1_491' title='bbox 2074 2640 2242 2684; x_wconf 90' lang='lat' dir='ltr'><strong>iuvenis</strong></span> <span class='ocrx_word' id='word_1_492' title='bbox 2263 2652 2389 2683; x_wconf 89' lang='lat' dir='ltr'><strong>curru</strong></span> <span class='ocrx_word' id='word_1_493' title='bbox 2410 2639 2530 2694; x_wconf 86' lang='lat' dir='ltr'><strong>equis</strong></span> <span class='ocrx_word' id='word_1_494' title='bbox 2567 2639 2699 2684; x_wconf 82' lang='lat' dir='ltr'><strong>alatis</strong></span> 
     </span>
     <span class='ocr_line' id='line_1_44' title="bbox 461 2709 2695 2767; baseline -0.001 -13"><span class='ocrx_word' id='word_1_495' title='bbox 461 2717 590 2754; x_wconf 81' lang='lat' dir='ltr'><strong>vecto</strong></span> <span class='ocrx_word' id='word_1_496' title='bbox 619 2712 704 2753; x_wconf 89' lang='lat' dir='ltr'><strong>iter</strong></span> <span class='ocrx_word' id='word_1_497' title='bbox 732 2725 810 2767; x_wconf 90' lang='lat' dir='ltr'><strong>per</strong></span> <span class='ocrx_word' id='word_1_498' title='bbox 837 2710 949 2753; x_wconf 92' lang='lat' dir='ltr'><strong>coeli</strong></span> <span class='ocrx_word' id='word_1_499' title='bbox 977 2711 1161 2766; x_wconf 89' lang='lat' dir='ltr'><strong>spatium</strong></span> <span class='ocrx_word' id='word_1_500' title='bbox 1190 2712 1356 2754; x_wconf 88' lang='lat' dir='ltr'><strong>faceret</strong></span> <span class='ocrx_word' id='word_1_501' title='bbox 1384 2719 1429 2754; x_wconf 87' lang='lat' dir='ltr'><strong>et</strong></span> <span class='ocrx_word' id='word_1_502' title='bbox 1456 2713 1535 2753; x_wconf 91' lang='lat' dir='ltr'><strong>sub</strong></span> <span class='ocrx_word' id='word_1_503' title='bbox 1564 2724 1792 2766; x_wconf 87' lang='lat' dir='ltr'><strong>vesperum</strong></span> <span class='ocrx_word' id='word_1_504' title='bbox 1819 2711 1865 2753; x_wconf 91' lang='lat' dir='ltr'><strong>in</strong></span> <span class='ocrx_word' id='word_1_505' title='bbox 1895 2724 2105 2753; x_wconf 91' lang='lat' dir='ltr'><strong>oceanum</strong></span> <span class='ocrx_word' id='word_1_506' title='bbox 2122 2724 2220 2753; x_wconf 83' lang='lat' dir='ltr'><strong>sese</strong></span> <span class='ocrx_word' id='word_1_507' title='bbox 2240 2709 2496 2752; x_wconf 82' lang='lat' dir='ltr'><strong>demitteret.</strong></span> <span class='ocrx_word' id='word_1_508' title='bbox 2556 2709 2695 2761; x_wconf 88' lang='lat' dir='ltr'><strong>Quum</strong></span> 
     </span>
     <span class='ocr_line' id='line_1_45' title="bbox 461 2779 2699 2835; baseline -0.001 -10"><span class='ocrx_word' id='word_1_509' title='bbox 461 2781 541 2826; x_wconf 89' lang='lat' dir='ltr'><strong>tali</strong></span> <span class='ocrx_word' id='word_1_510' title='bbox 577 2781 707 2824; x_wconf 93' lang='lat' dir='ltr'><strong>modo</strong></span> <span class='ocrx_word' id='word_1_511' title='bbox 747 2779 885 2823; x_wconf 90' lang='lat' dir='ltr'><strong>omnis</strong></span> <span class='ocrx_word' id='word_1_512' title='bbox 923 2784 1105 2824; x_wconf 88' lang='lat' dir='ltr'><strong>naturae</strong></span> <span class='ocrx_word' id='word_1_513' title='bbox 1145 2780 1260 2824; x_wconf 88' lang='lat' dir='ltr'><strong>actio</strong></span> <span class='ocrx_word' id='word_1_514' title='bbox 1291 2781 1347 2824; x_wconf 90' lang='lat' dir='ltr'><strong>ad</strong></span> <span class='ocrx_word' id='word_1_515' title='bbox 1381 2780 1643 2824; x_wconf 90' lang='lat' dir='ltr'><strong>animantem</strong></span> <span class='ocrx_word' id='word_1_516' title='bbox 1683 2780 1809 2824; x_wconf 90' lang='lat' dir='ltr'><strong>deum</strong></span> <span class='ocrx_word' id='word_1_517' title='bbox 1843 2780 2090 2835; x_wconf 86' lang='lat' dir='ltr'><strong>referretur,</strong></span> <span class='ocrx_word' id='word_1_518' title='bbox 2126 2779 2190 2823; x_wconf 89' lang='lat' dir='ltr'><strong>ita</strong></span> <span class='ocrx_word' id='word_1_519' title='bbox 2221 2783 2378 2833; x_wconf 85' lang='lat' dir='ltr'><strong>tamen,</strong></span> <span class='ocrx_word' id='word_1_520' title='bbox 2419 2782 2468 2822; x_wconf 87' lang='lat' dir='ltr'><strong>ut</strong></span> <span class='ocrx_word' id='word_1_521' title='bbox 2501 2791 2590 2822; x_wconf 91' lang='lat' dir='ltr'><strong>non</strong></span> <span class='ocrx_word' id='word_1_522' title='bbox 2622 2791 2699 2823; x_wconf 83' lang='lat' dir='ltr'><strong>res</strong></span> 
     </span>
     <span class='ocr_line' id='line_1_46' title="bbox 459 2849 2695 2908; baseline -0.001 -14"><span class='ocrx_word' id='word_1_523' title='bbox 459 2851 595 2908; x_wconf 86' lang='lat' dir='ltr'><strong>ipsae,</strong></span> <span class='ocrx_word' id='word_1_524' title='bbox 629 2861 739 2904; x_wconf 88' lang='lat' dir='ltr'><strong>quae</strong></span> <span class='ocrx_word' id='word_1_525' title='bbox 771 2854 871 2892; x_wconf 87' lang='lat' dir='ltr'><strong>anto</strong></span> <span class='ocrx_word' id='word_1_526' title='bbox 897 2849 1047 2892; x_wconf 91' lang='lat' dir='ltr'><strong>oculos</strong></span> <span class='ocrx_word' id='word_1_527' title='bbox 1077 2850 1377 2906; x_wconf 86' lang='lat' dir='ltr'><strong>versabantur,</strong></span> <span class='ocrx_word' id='word_1_528' title='bbox 1406 2863 1487 2907; x_wconf 92' lang='lat' dir='ltr'><strong>pro</strong></span> <span class='ocrx_word' id='word_1_529' title='bbox 1516 2851 1597 2892; x_wconf 91' lang='lat' dir='ltr'><strong>diis</strong></span> <span class='ocrx_word' id='word_1_530' title='bbox 1628 2850 1903 2904; x_wconf 89' lang='lat' dir='ltr'><strong>haberentur,</strong></span> <span class='ocrx_word' id='word_1_531' title='bbox 1948 2849 2026 2892; x_wconf 89' lang='lat' dir='ltr'><strong>sed</strong></span> <span class='ocrx_word' id='word_1_532' title='bbox 2054 2853 2104 2891; x_wconf 93' lang='lat' dir='ltr'><strong>ut</strong></span> <span class='ocrx_word' id='word_1_533' title='bbox 2130 2851 2185 2892; x_wconf 91' lang='lat' dir='ltr'><strong>ab</strong></span> <span class='ocrx_word' id='word_1_534' title='bbox 2216 2849 2362 2903; x_wconf 80' lang='lat' dir='ltr'><strong>aliquo</strong></span> <span class='ocrx_word' id='word_1_535' title='bbox 2389 2849 2610 2904; x_wconf 86' lang='lat' dir='ltr'><strong>perfectae</strong></span> <span class='ocrx_word' id='word_1_536' title='bbox 2636 2849 2695 2892; x_wconf 88' lang='lat' dir='ltr'><strong>ad</strong></span> 
     </span>
     <span class='ocr_line' id='line_1_47' title="bbox 459 2918 2696 2974; baseline -0.001 -12"><span class='ocrx_word' id='word_1_537' title='bbox 459 2921 721 2962; x_wconf 85' lang='lat' dir='ltr'><strong>subtantiam</strong></span> <span class='ocrx_word' id='word_1_538' title='bbox 744 2919 970 2971; x_wconf 87' lang='lat' dir='ltr'><strong>quandam,</strong></span> <span class='ocrx_word' id='word_1_539' title='bbox 996 2923 1043 2960; x_wconf 91' lang='lat' dir='ltr'><strong>ut</strong></span> <span class='ocrx_word' id='word_1_540' title='bbox 1055 2920 1117 2960; x_wconf 88' lang='lat' dir='ltr'><strong>ita</strong></span> <span class='ocrx_word' id='word_1_541' title='bbox 1135 2920 1288 2972; x_wconf 88' lang='lat' dir='ltr'><strong>dicam,</strong></span> <span class='ocrx_word' id='word_1_542' title='bbox 1318 2921 1536 2974; x_wconf 89' lang='lat' dir='ltr'><strong>pertinere</strong></span> <span class='ocrx_word' id='word_1_543' title='bbox 1555 2920 1816 2971; x_wconf 89' lang='lat' dir='ltr'><strong>viderentur,</strong></span> <span class='ocrx_word' id='word_1_544' title='bbox 1846 2918 1942 2961; x_wconf 89' lang='lat' dir='ltr'><strong>fieri</strong></span> <span class='ocrx_word' id='word_1_545' title='bbox 1966 2933 2054 2961; x_wconf 92' lang='lat' dir='ltr'><strong>non</strong></span> <span class='ocrx_word' id='word_1_546' title='bbox 2078 2918 2232 2973; x_wconf 77' lang='lat' dir='ltr'><strong>pot-uit,</strong></span> <span class='ocrx_word' id='word_1_547' title='bbox 2264 2918 2365 2970; x_wconf 84' lang='lat' dir='ltr'><strong>quin</strong></span> <span class='ocrx_word' id='word_1_548' title='bbox 2390 2918 2575 2971; x_wconf 88' lang='lat' dir='ltr'><strong>denique</strong></span> <span class='ocrx_word' id='word_1_549' title='bbox 2598 2921 2696 2960; x_wconf 83' lang='lat' dir='ltr'><strong>tota</strong></span> 
     </span>
     <span class='ocr_line' id='line_1_48' title="bbox 458 2985 2696 3045; baseline -0.001 -12"><span class='ocrx_word' id='word_1_550' title='bbox 458 3005 602 3033; x_wconf 86' lang='lat' dir='ltr'><strong>rerum</strong></span> <span class='ocrx_word' id='word_1_551' title='bbox 617 2995 779 3032; x_wconf 88' lang='lat' dir='ltr'><strong>natura</strong></span> <span class='ocrx_word' id='word_1_552' title='bbox 797 2987 954 3031; x_wconf 88' lang='lat' dir='ltr'><strong>divinis</strong></span> <span class='ocrx_word' id='word_1_553' title='bbox 981 2988 1222 3033; x_wconf 89' lang='lat' dir='ltr'><strong>numinibus</strong></span> <span class='ocrx_word' id='word_1_554' title='bbox 1244 2989 1546 3045; x_wconf 89' lang='lat' dir='ltr'><strong>compleretur.</strong></span> <span class='ocrx_word' id='word_1_555' title='bbox 1592 2987 1741 3033; x_wconf 89' lang='lat' dir='ltr'><strong>Omnis</strong></span> <span class='ocrx_word' id='word_1_556' title='bbox 1768 2986 1911 3043; x_wconf 86' lang='lat' dir='ltr'><strong>arbor,</strong></span> <span class='ocrx_word' id='word_1_557' title='bbox 1937 2986 2075 3033; x_wconf 87' lang='lat' dir='ltr'><strong>omnis</strong></span> <span class='ocrx_word' id='word_1_558' title='bbox 2094 2986 2191 3032; x_wconf 83' lang='lat' dir='ltr'><strong>fons</strong></span> <span class='ocrx_word' id='word_1_559' title='bbox 2213 3001 2333 3031; x_wconf 89' lang='lat' dir='ltr'><strong>suam</strong></span> <span class='ocrx_word' id='word_1_560' title='bbox 2354 2985 2544 3032; x_wconf 88' lang='lat' dir='ltr'><strong>habebat</strong></span> <span class='ocrx_word' id='word_1_561' title='bbox 2561 2985 2696 3044; x_wconf 88' lang='lat' dir='ltr'><strong>Drya·</strong></span> 
     </span>
     <span class='ocr_line' id='line_1_49' title="bbox 459 3055 2696 3113; baseline -0.003 -9"><span class='ocrx_word' id='word_1_562' title='bbox 459 3060 569 3113; x_wconf 89' lang='lat' dir='ltr'><strong>dem,</strong></span> <span class='ocrx_word' id='word_1_563' title='bbox 592 3072 711 3102; x_wconf 89' lang='lat' dir='ltr'><strong>suam</strong></span> <span class='ocrx_word' id='word_1_564' title='bbox 732 3057 957 3111; x_wconf 87' lang='lat' dir='ltr'><strong>Naiadem‚</strong></span> <span class='ocrx_word' id='word_1_565' title='bbox 979 3061 1026 3100; x_wconf 90' lang='lat' dir='ltr'><strong>ut</strong></span> <span class='ocrx_word' id='word_1_566' title='bbox 1044 3057 1249 3102; x_wconf 87' lang='lat' dir='ltr'><strong>universa</strong></span> <span class='ocrx_word' id='word_1_567' title='bbox 1267 3062 1387 3103; x_wconf 86' lang='lat' dir='ltr'><strong>terra</strong></span> <span class='ocrx_word' id='word_1_568' title='bbox 1405 3057 1612 3102; x_wconf 87' lang='lat' dir='ltr'><strong>maximus</strong></span> <span class='ocrx_word' id='word_1_569' title='bbox 1633 3057 1811 3101; x_wconf 86' lang='lat' dir='ltr'><strong>deorum</strong></span> <span class='ocrx_word' id='word_1_570' title='bbox 1831 3057 1980 3101; x_wconf 88' lang='lat' dir='ltr'><strong>hortus</strong></span> <span class='ocrx_word' id='word_1_571' title='bbox 1999 3057 2222 3101; x_wconf 87' lang='lat' dir='ltr'><strong>videretur</strong></span> <span class='ocrx_word' id='word_1_572' title='bbox 2235 3067 2343 3099; x_wconf 86' lang='lat' dir='ltr'><strong>esse.</strong></span> <span class='ocrx_word' id='word_1_573' title='bbox 2384 3055 2537 3099; x_wconf 88' lang='lat' dir='ltr'><strong>Talem</strong></span> <span class='ocrx_word' id='word_1_574' title='bbox 2548 3055 2696 3099; x_wconf 88' lang='lat' dir='ltr'><strong>mundi</strong></span> 
     </span>
     <span class='ocr_line' id='line_1_50' title="bbox 457 3124 2698 3186; baseline -0.001 -15"><span class='ocrx_word' id='word_1_575' title='bbox 457 3128 689 3186; x_wconf 85' lang='lat' dir='ltr'><strong>imaginem</strong></span> <span class='ocrx_word' id='word_1_576' title='bbox 703 3126 959 3180; x_wconf 90' lang='lat' dir='ltr'><strong>hominibus,</strong></span> <span class='ocrx_word' id='word_1_577' title='bbox 981 3138 1161 3180; x_wconf 88' lang='lat' dir='ltr'><strong>quorum</strong></span> <span class='ocrx_word' id='word_1_578' title='bbox 1173 3139 1338 3182; x_wconf 88' lang='lat' dir='ltr'><strong>sensus,</strong></span> <span class='ocrx_word' id='word_1_579' title='bbox 1359 3139 1493 3181; x_wconf 85' lang='lat' dir='ltr'><strong>mons,</strong></span> <span class='ocrx_word' id='word_1_580' title='bbox 1515 3127 1680 3170; x_wconf 89' lang='lat' dir='ltr'><strong>animus</strong></span> <span class='ocrx_word' id='word_1_581' title='bbox 1699 3126 1828 3170; x_wconf 86' lang='lat' dir='ltr'><strong>facile</strong></span> <span class='ocrx_word' id='word_1_582' title='bbox 1843 3131 2083 3181; x_wconf 82' lang='lat' dir='ltr'><strong>moventur,</strong></span> <span class='ocrx_word' id='word_1_583' title='bbox 2095 3125 2224 3168; x_wconf 90' lang='lat' dir='ltr'><strong>valde</strong></span> <span class='ocrx_word' id='word_1_584' title='bbox 2239 3124 2430 3168; x_wconf 88' lang='lat' dir='ltr'><strong>arridere</strong></span> <span class='ocrx_word' id='word_1_585' title='bbox 2442 3125 2507 3167; x_wconf 89' lang='lat' dir='ltr'><strong>rei</strong></span> <span class='ocrx_word' id='word_1_586' title='bbox 2518 3137 2698 3168; x_wconf 88' lang='lat' dir='ltr'><strong>consen·</strong></span> 
     </span>
     <span class='ocr_line' id='line_1_51' title="bbox 457 3195 2700 3251; baseline -0.003 -8"><span class='ocrx_word' id='word_1_587' title='bbox 457 3204 629 3243; x_wconf 88' lang='lat' dir='ltr'><strong>taneum</strong></span> <span class='ocrx_word' id='word_1_588' title='bbox 651 3202 731 3241; x_wconf 88' lang='lat' dir='ltr'><strong>est.</strong></span> <span class='ocrx_word' id='word_1_589' title='bbox 777 3196 1013 3241; x_wconf 86' lang='lat' dir='ltr'><strong>Schillerus</strong></span> <span class='ocrx_word' id='word_1_590' title='bbox 1032 3200 1184 3239; x_wconf 89' lang='lat' dir='ltr'><strong>noster</strong></span> <span class='ocrx_word' id='word_1_591' title='bbox 1203 3208 1387 3251; x_wconf 87' lang='lat' dir='ltr'><strong>quoque,</strong></span> <span class='ocrx_word' id='word_1_592' title='bbox 1409 3196 1480 3251; x_wconf 87' lang='lat' dir='ltr'><strong>qui</strong></span> <span class='ocrx_word' id='word_1_593' title='bbox 1507 3200 1602 3240; x_wconf 87' lang='lat' dir='ltr'><strong>erat</strong></span> <span class='ocrx_word' id='word_1_594' title='bbox 1620 3196 1830 3240; x_wconf 89' lang='lat' dir='ltr'><strong>eiusmodi</strong></span> <span class='ocrx_word' id='word_1_595' title='bbox 1847 3196 2021 3251; x_wconf 88' lang='lat' dir='ltr'><strong>indolis,</strong></span> <span class='ocrx_word' id='word_1_596' title='bbox 2041 3195 2302 3239; x_wconf 82' lang='lat' dir='ltr'><strong>vociferatus</strong></span> <span class='ocrx_word' id='word_1_597' title='bbox 2322 3199 2385 3238; x_wconf 80' lang='lat' dir='ltr'><strong>est</strong></span> <span class='ocrx_word' id='word_1_598' title='bbox 2409 3206 2700 3249; x_wconf 82' lang='lat' dir='ltr'><strong>conquerens:</strong></span> 
     </span>
    </p>
   </div>
   <div class='ocr_carea' id='block_1_4' title="bbox 2862 0 2921 3521">
    <p class='ocr_par' dir='ltr' id='par_1_4' title="bbox 2862 0 2921 3521">
     <span class='ocr_line' id='line_1_52' title="bbox 2862 0 2921 3521; baseline 0 0"><span class='ocrx_word' id='word_1_599' title='bbox 2862 0 2921 3521; x_wconf 95' lang='lat' dir='ltr'><strong> </strong></span> 
     </span>
    </p>
   </div>
  </div>
 </body>
</html>
