2921 3526
420 0 467 21 ''r‘''
487 0 837 22 'ff‘K-'starrrx'svrr-“ffew
980 0 1040 8 ²⁴*
1097 7 1100 10 ·
1140 0 1142 3 ¹
1168 4 1172 6 -
1212 0 1297 13 »··
1319 0 1352 15 ¹2-
1367 0 1399 13 ν·
1430 2 1434 6 ·
1494 0 1510 11 »ι
1562 0 1612 15 vri
1635 0 1670 15 t*
1750 0 1755 6 ’
1817 0 1861 7 v·

440 12 503 37 ‚mr
537 14 571 38 ff·
596 13 770 43 ‘ruz-¹2
819 0 944 47 ⁵³3⁵..
981 32 984 39 ,
1055 11 1060 20 ’
1134 22 1138 24 >
1258 8 1289 31 2-
1329 15 1355 36 ’τ
1382 12 1408 34 τ·
1750 19 1791 29 ν»

424 40 426 42 ’
480 37 603 65 -.’”“χ”
643 42 720 61 ‘'J''
938 40 941 43 ¹
986 39 992 42 ⁶
1054 46 1079 60 “»
1182 43 1189 57 i
1247 46 1250 48 ⁷
1441 47 1445 50 “

689 275 710 281 ’”
765 274 937 321 Scirone
955 273 1193 330 ⁴Weltf'wo
1222 274 1310 320 bist
1332 274 1435 319 Du?
1462 271 1616 319 Kelire
1641 271 1802 318 wieder
1824 307 1846 312 ,⁴

764 345 936 389 Holdes
964 344 1268 389 Bluth'enalter
1283 345 1376 389 eder
1396 344 1583 389 Natum.
1738 371 1741 375 -

761 416 859 459 Ach
882 429 966 458 nur
996 415 1042 458 in
1070 415 1172 458 dem‘
1196 414 1526 469 Eeenlandder
1539 413 1710 457 Lie'der

767 486 891 529 Lebt
905 485 1020 528 noch
1047 484 1186 528 Deine
1206 484 1450 528 fabelhafte
1475 483 1605 540 Spur.
1642 499 1645 503 ·

764 554 1095 610 Ausgesto'rben
1123 557 1291 597 trauert
1318 553 1398 597 das'
1426 553 1611 607 Gefflde,

676 627 681 631 '
761 623 903 667 Keine
933 623 1131 667 Gottheit
1158 623 1272 679 zeigt
1297 622 1394 666 sich
1420 623 1596 665 meinem
1627 620 1767 674 Blick,

759 693 856 737 Ach
882 705 970 736 von
990 692 1139 749 jene'm
1166 691 1508 737 lebenswarmen
1533 691 1662 737 Bilde
1685 692 1689 715 ³

763 762 888 803 Blieb
917 762 995 804 der
1024 761 1231 804 Schatten
1259 763 1343 803 nur
1367 761 1540 803 zuriick.

317 832 469 884 Neque
498 836 643 874 tamen
671 830 783 874 istae
808 831 1037 886 opiniones
1054 831 1321 874 conservari
1359 832 1575 886 poterant.
1595 851 1610 860 ·‹
1647 828 2010 881 Dissolvebantur
2042 828 2200 871 sensim
2229 830 2399 871 sensim·

178 901 261 958 qu'e
288 914 361 944 res
389 901 580 954 deorum,
612 911 697 954 quo
727 900 863 956 magis
891 913 1011 943 mens
1040 901 1227 944 humana
1252 900 1471 955 inquirens
1490 903 1634 943 rerum
1652 902 1851 941 naturam
1871 900 2071 940 accurate
2091 900 2396 953 cognoscebat.

165 973 274 1025 ‚Quo
294 971 419 1014 facto
449 969 596 1024 multa,
627 982 737 1025 quae
765 973 896 1012 antea
922 983 1001 1025 per
1028 969 1134 1013 deos
1169 970 1421 1026 comparata
1437 969 1717 1021 ¹videbantur,
1749 967 1877 1010 certis
1904 972 2086 1010 naturae
2109 966 2277 1023 legibus
2305 967 2397 1010 fieri

177 1046 308 1097 atque
336 1039 507 1084 absolvi
543 1040 793 1096 apparebat.
859 1039 975 1083 Jnde
1004 1039 1134 1082 <simul
1170 1039 1326 1095 elucet,
1364 1039 1578 1093 quomodo
1605 1037 1711 1081 :fieri
1743 1037 1945 1094 potuerit,
1989 1041 2036 1080 ut
2070 1036 2125 1079 de
2165 1037 2316 1080 eadem
2352 1049 2399 1080 re

169 1111 358 1154 diversis
385 1110 650 1165 temporibus
677 1109 876 1152 diversae
905 1122 985 1165 pro
1021 1109 1293 1164 cognitione
1303 1121 1466 1151 nerum
1478 1108 1723 1152 sententiae
1757 1107 2176 1164 percrebrescerent,
2209 1106 2254 1148 id
2284 1107 2399 1160 quod

170 1181 334 1223 fanetum
367 1192 464 1221 esse
506 1193 601 1221 cum
637 1178 786 1220 fabula
825 1179 880 1220 de
920 1178 1125 1252 Atlante
1143 1179 1436 1253 demonstravi
1473 1177 1780 1263 dissertatione
1814 1177 2146 1231 programmatis
2188 1176 2400 1230 gymnasii

174 1241 453 1306 Oppoliensis
484 1261 522 1290 a.
553 1246 678 1291 1871.
1171 1280 1186 1286 ,«

304 1317 487 1370 Restat,
515 1320 565 1359 ut
593 1316 648 1359 de
677 1315 819 1370 tertia,
852 1328 986 1370 quam
1008 1317 1146 1372 posui,
1181 1317 1295 1365 inter
1320 1316 1598 1365 ,Iudaeorum
1612 1320 1657 1360 et
1689 1315 1958 1359 Graecorum
1998 1314 2254 1370 religionem
2284 1313 2399 1356 diffe-

173 1388 330 1434 rentia
345 1387 566 1440 disseram,
596 1386 650 1428 de
679 1385 744 1440 iis,
776 1398 888 1440 quae
907 1390 1094 1440 utraque
1108 1386 1227 1429 natio
1250 1387 1304 1429 de
1322 1386 1451 1429 rebus
1471 1390 1570 1442 post
1590 1390 1773 1428 mortem
1797 1385 1949 1428 futuris
1969 1384 2196 1427 sentiebat.
2254 1386 2398 1437 Atque

173 1459 441 1504 Judaeorum
458 1461 462 1465 '
478 1456 652 1511 quidem
681 1455 913 1512 *persuasio
955 1461 1052 1499 erat
1082 1460 1264 1500 mortem
1302 1456 1409 1501 nihil
1450 1455 1567 1499 aliud
1602 1468 1699 1498 esse
1742 1467 1869 1508 quam
1902 1455 2032 1497 animi
2072 1454 2308 1497 discessum
2343 1454 2398 1496 de

175 1540 371 1585 corpore,
401 1532 449 1571 ut
477 1538 633 1582 corpus
664 1522 834 1580 quidem
863 1526 1121 1581 tabesceret,
1153 1526 1318 1570 animus
1347 1538 1465 1581 vero,
1499 1525 1584 1569 etsi
1621 1537 1806 1581 corpore
1842 1524 2060 1568 seiunctus
2093 1528 2222 1578 esset,
2253 1528 2398 1566 tamen

173 1598 321 1641 vivere
350 1610 439 1638 non
466 1596 702 1649 desineret3
735 1596 836 1649 quin
867 1596 997 1637 etiam
1029 1595 1261 1649 aliqnando
1291 1596 1474 1637 animum
1502 1608 1597 1638 enm
1625 1607 1808 1650 corpere
1842 1595 1996 1636 iterum
2029 1593 2301 1635 coniunctum
2329 1592 2395 1633 iri.

175 1667 295 1720 Quae
325 1666 541 1709 sententia
573 1664 720 1720 primis
750 1665 921 1718 quidem
952 1666 1216 1720 temporibus
1252 1679 1340 1708 non
1375 1666 1466 1707 tamv
1495 1664 1715 1720 explicata
1745 1676 1872 1718 quam
1908 1663 2162 1705 adumbrata
2196 1668 2280 1715 est;
2319 1663 2398 1704 sed

173 1735 291 1781 omni
318 1735 449 1778 dubio
480 1734 619 1777 maior
647 1733 777 1777 certis
808 1733 1062 1788 quibusdam
1093 1734 1266 1778 dicendi
1291 1733 1483 1778 formulis
1513 1737 1708 1790 apparet,
1745 1732 1866 1775 velut
1895 1732 1951 1775 ad
1979 1737 2125 1787 patres
2159 1732 2287 1775 eundi
2316 1745 2394 1787 pro

173 1819 283 1849 voce
312 1804 536 1858 moriendi,
567 1817 622 1847 ex
651 1816 704 1846 ea
722 1816 794 1857 re,-
815 1804 934 1857 quodv
959 1804 1145 1846 Henoch
1172 1808 1221 1846 et
1247 1804 1371 1846 Elias
1395 1805 1451 1846 ad
1485 1803 1650 1846 coelum
1683 1803 1826 1846 evecti
1854 1815 1950 1845 esse
1980 1802 2191 1855 dicuntur,
2228 1815 2282 1844 ex
2317 1816 2396 1844 usu

174 1873 408 1932 quaerendi
429 1887 455 1917 a
475 1873 666 1918 mortuis.
716 1874 884 1930 Aperta
909 1887 1014 1917 vero
1030 1874 1164 1930 'atque
1184 1872 1374 1917 dilucida
1401 1877 1510 1930 sunt,
1541 1874 1656 1929 quae
1671 1872 1855 1930 legimus
1875 1871 1920 1916 in
1939 1871 2111 1929 scriptis
2140 1871 2394 1929 posterioris

172 1945 391 2001 temporis,
427 1943 547 1986 velut
572 1944 675 1987 Job.
706 1943 777 1997 25,
807 1944 882 1986 26:
919 1943 1020 1987 Scio
1051 1944 1175 1998 enim,
1209 1944 1323 1998 quod
1349 1944 1596 1999 redemptor
1622 1956 1743 1986 meus
1775 1942 1893 1995 vivit,
1925 1947 1969 1984 et
1996 1942 2041 1985 in
2068 1943 2301 1985 novissimo
2325 1943 2396 1985 die

172 2014 374 2072 deterre.
401 2017 670 2057 surrecturus
697 2026 790 2056 sum
820 2018 864 2056 et
891 2026 1058 2057 rursum
1078 2013 1377 2064 circumdabor
1401 2012 1516 2069 'pelle
1544 2025 1641 2056 mea
1659 2012 1776 2056 etin
1805 2025 1936 2056 carne
1966 2025 2063 2056 mea
2081 2011 2239 2056 videbo
2270 2012 2396 2056 deum

172 2085 330 2128 meum!
366 2082 560 2135 Quocum
593 2082 709 2125 inter
744 2082 833 2125 alia
867 2083 1133 2126 conferenda
1168 2083 1349 2140 egregia
1382 2082 1612 2138 descriptio
1649 2081 1850 2125 Ezechiel
1884 2082 2135 2137 prophetae,
2178 2083 2394 2136 quomodo

171 2153 404 2206 aliquando
434 2157 697 2193 mortuorum
726 2153 855 2193 animi
883 2166 977 2194 cum
1005 2154 1261 2207 corporibus
1281 2153 1600 2205 coniungantur
1615 2157 1660 2192 et
1679 2153 1736 2193 ad
1754 2165 1913 2193 novam
1941 2153 2073 2193 vitam
2091 2153 2393 2206 perducantur,

171 2221 399 2277 37,1-14,
430 2221 543 2264 unde
573 2219 706 2263 affero
738 2221 863 2265 haec:
895 2221 1054 2266 Factus
1085 2225 1152 2264 est
1170 2225 1312 2264 autem
1333 2220 1509 2275 sonitus,
1539 2220 1826 2276 prophetante
1846 2235 1926 2275 me,
1958 2226 2001 2264 et
2022 2234 2123 2264 ecce
2144 2221 2392 2277 commotio;

172 2294 218 2335 et
247 2293 525 2333 accesserunt
552 2301 654 2331 ossa
688 2289 744 2331 ad
774 2297 888 2345 ossa,
918 2304 1048 2335 unum
1074 2290 1273 2346 quodque
1308 2291 1365 2334 ad
1393 2291 1627 2333 iuncturam
1648 2302 1796 2344 suam,
1834 2293 1878 2332 et
1905 2289 2006 2343 vidi,
2043 2293 2086 2332 et
2115 2302 2229 2344 ecce,
2267 2304 2395 2345 super

172 2374 227 2403 ea
243 2359 368 2402 nervi
388 2364 431 2400 et
450 2372 605 2401 carnes
625 2359 913 2402 ascenderunt
934 2364 978 2402 et
997 2364 1173 2403 extenta
1193 2360 1323 2402 estin
1342 2359 1404 2401 eis
1423 2359 1531 2401 cutis
1553 2358 1749 2413 desuper,
1777 2363 1822 2400 et
1838 2359 2034 2413 spiritum
2054 2372 2142 2401 non
2162 2360 2393 2403 habebant.

171 2428 227 2472 Et
253 2428 475 2484 ingressus
496 2432 563 2470 est
580 2427 626 2470 in
655 2441 708 2471 ea
727 2428 915 2484 spiritus,
948 2433 992 2471 et
1020 2429 1221 2472 vixerunt
1239 2432 1531 2481 steteruntque
1550 2440 1679 2483 super
1696 2428 1830 2483 pedes
1851 2441 1951 2470 suos
1973 2429 2186 2471 exercitus
2216 2429 2394 2483 grandis

171 2497 453 2542 nimis‘valde
482 2496 568 2553 (cd.
597 2496 755 2553 vulg.)l
785 2498 938 2553 Longe
966 2498 1174 2541 incertior
1202 2502 1247 2541 et
1275 2497 1498 2541 obscurior
1525 2497 1794 2541 Graecorum
1824 2497 1971 2554 opinio
2002 2498 2055 2540 de
2087 2499 2267 2542 hominis
2295 2504 2392 2553 post

170 2573 352 2613 mortem
380 2567 643 2611 conditione.
691 2567 829 2611 Plane
859 2582 954 2612 eam
982 2567 1072 2611 ullo
1101 2573 1295 2624 tempore
1324 2568 1554 2611 'extinctam
1576 2567 1650 2610 vel
1676 2566 1842 2610 nullam
1869 2568 2001 2611 fuisse
2030 2569 2104 2612 vix
2123 2570 2392 2614 crediderim.

169 2638 282 2683 Nam
311 2638 608 2683 difficillimum
635 2638 716 2681 fuit
743 2641 908 2693 putare,
939 2650 1035 2681 eum
1066 2637 1185 2681 cuius
1205 2638 1339 2681 verba
1366 2637 1492 2680 modo
1515 2636 1674 2692 audita,
1704 2636 1825 2681 cuius
1851 2637 1967 2681 oculi
1995 2638 2040 2682 in
2069 2639 2394 2684 circumstantes

170 2708 300 2751 modo
330 2707 503 2751 confixa
539 2712 674 2761 erant,
711 2708 900 2750 funditus
936 2707 1125 2749 deletum
1166 2707 1395 2749 interiisse.
1457 2706 1599 2757 Quare
1630 2719 1686 2748 ne
1714 2706 1910 2749 Homero
1948 2708 2131 2761 quidem,
2162 2711 2393 2751 veterrimo

171 2775 357 2820 omnium
386 2781 624 2833 poetarum,
656 2776 902 2832 opinionem
931 2776 985 2819 de
1013 2776 1336 2821 immortalitate
1366 2776 1586 2831 abnegem,
1617 2775 1701 2818 etsi
1725 2775 1756 2818 ii
1784 2775 1872 2819 loci
1895 2775 1996 2819 libri
2024 2778 2236 2822 undecimi
2262 2779 2395 2836 Odys·

169 2857 286 2900 seae,
317 2846 390 2900 qui
416 2846 621 2901 imprimis
651 2845 939 2886 testimonium
968 2845 1083 2887 illius
1113 2845 1214 2888 fidei
1229 2845 1443 2899 exhibent,
1472 2857 1499 2886 a
1527 2844 1688 2887 criticis
1715 2846 1850 2900 spurii
1878 2850 2006 2900 atque
2043 2847 2260 2890 subditicii
2293 2848 2396 2891 iudi-

171 2918 337 2957 cantur.
396 2915 559 2956 Verum
590 2919 633 2956 et
666 2914 731 2955 his
758 2913 881 2966 locis,
916 2927 1024 2966 quos
1052 2916 1295 2968 posteriore
1322 2919 1521 2967 tempore
1556 2917 1689 2965 quam
1709 2914 1948 2957 Homerica
1982 2917 2173 2958 carmina
2202 2923 2395 2960 statuunt

172 2990 278 3028 esse?
288 2982 562 3039 compositos,
595 2981 740 3039 opinio
760 2981 816 3026 de
844 2982 1036 3039 mortuis,
1067 2996 1195 3038 quum
1215 2984 1261 3029 e't
1275 2996 1520 3040 repugnans
1539 2981 1585 3026 in
1610 2995 1661 3026 se
1687 2982 1848 3027 habeat
1865 2997 2006 3038 neque
2035 2985 2219 3030 humano
2249 2988 2394 3030 sensui

171 3050 424 3108 satisfaciat,
452 3052 719 3109 perobscura
746 3058 792 3096 et
818 3064 968 3108 parum
994 3052 1108 3096 iusta
1137 3053 1391 3097 continetur.
1448 3051 1555 3095 Vita
1584 3051 1708 3108 enim,
1740 3064 1853 3108 quae
1880 3053 2048 3109 dicitur,
2085 3059 2186 3110 post
2212 3062 2393 3100 mortem

172 3131 221 3163 re
242 3132 361 3164 vera
392 3121 513 3165 nulla
545 3125 624 3164 est.
684 3121 797 3164 Nam
823 3121 980 3165 mortui
1014 3122 1184 3178 partim.
1199 3126 1244 3165 et
1274 3135 1403 3165 sensu
1430 3126 1474 3165 et
1509 3122 1652 3165 animo
1689 3126 1852 3176 carent,
1888 3123 2046 3178 partim
2082 3123 2128 3166 in
2163 3123 2228 3167 his
2264 3125 2391 3167 rebus

173 3187 308 3237 multo
340 3191 580 3237 deteriores
614 3192 720 3236 faeti
749 3196 859 3248 sunt,
891 3204 1018 3247 quam
1048 3197 1184 3248 erant,
1219 3193 1464 3249 priusquam
1492 3191 1584 3235 vita
1618 3197 1910 3237 excesserunt.
1970 3192 2156 3249 Ulixem,
2181 3205 2308 3248 quum
2337 3195 2393 3238 ad
