2921 3526
466 319 630 364 inferos
666 317 956 372 descenderit,
999 331 1055 362 ne
1083 320 1223 362 mater
1249 317 1421 373 quidem
1440 320 1656 376 agnoscit,
1685 323 1732 364 et
1749 318 1946 365 'l'iresiu
1967 324 2094 366 vaoes
2110 317 2287 366 Ulixem
2313 318 2486 374 quidem
2513 317 2717 379 agno-dt
2783 304 2797 326 ⁴
2825 354 2827 356 -
2869 319 2872 322 ⁴
2894 321 2902 333 ’

468 393 512 432 et
541 388 791 442 alloquitur,
822 388 901 430 sed
928 391 1020 429 tum
1048 387 1219 429 demum
1246 387 1475 442 pristinum
1503 401 1655 431 munus
1682 388 1965 445 vaticinandi,
1999 402 2085 444 quo
2114 389 2239 430 vivus
2268 388 2485 443 utebatur,
2515 389 2557 432 ei
2582 388 2715 444 redit,
2738 416 2741 419 -
2770 384 2777 398 ³

467 469 596 510 quum
627 456 882 512 sanguinem
911 454 1082 499 hostiae
1111 454 1168 498 ab
1198 453 1331 499 Ulixe
1358 468 1517 500 caesae
1544 456 1739 513 sumpsit.
1803 456 2043 511 Tamquam
2070 459 2248 501 umbrae
2281 456 2415 512 igitur
2443 457 2517 502 vel
2544 457 2753 503 somnia-1
2790 473 2791 476 ¹

465 526 510 568 in
545 525 747 568 Plutonis
784 524 964 566 aedibus
996 524 1114 565 inter
1157 527 1413 579 perpetuum
1450 525 1669 569 silentium
1710 525 1868 567 mortui
1911 525 2234 580 circumerrant,
2290 531 2339 567 ut
2377 539 2519 581 neque
2553 525 2713 584 attingi

464 606 607 646 neque
662 592 970 648 comprehendi
1011 592 1195 648 possint.
1251 592 1306 635 cf.
1341 593 1426 637 od.
1460 593 1543 649 XI,
1604 593 1692 638 333
1730 597 1777 636 et
1807 593 1907 636 206.
1986 593 2093 638 Sors
2135 599 2279 638 autem
2346 607 2495 638 eorum
2537 594 2716 652 fingitur
2749 632 2755 636 .

464 662 721 715 miserrima;
752 675 854 704 nam
881 660 1094 704 malorum
1123 665 1170 705 et
1195 661 1409 705 bonorum
1438 662 1591 706 eadem
1620 666 1700 706 est.
1752 660 1939 705 Praeter
1965 662 2157 707 nefarios
2184 663 2294 707 istos
2321 662 2531 718 homines,
2560 653 2713 718 quales

464 734 564 773 sunt
584 729 752 786 Tityos,
774 728 994 786 Eriphyle,
1026 728 1252 784 Tantalus,
1274 727 1496 788 Sisyphus,
1527 731 1685 775 heroes
1704 729 1861 774 eximia
1890 729 2050 774 virtute
2068 731 2131 775 ibi
2156 735 2404 788 versantur;
2434 735 2480 775 et
2497 729 2710 788 Achilles,

463 801 536 855 qui
564 800 687 843 vivus
717 804 869 856 portas
898 799 1101 843 Plutonis
1131 813 1289 856 magno
1321 800 1424 843 odio
1453 800 1538 845 sibi
1566 813 1663 844 esse
1702 798 1932 855 exclamat,
1970 800 2086 857 apud
2130 802 2292 846 inferos
2327 800 2589 859 pauperrimi
2623 801 2713 860 opi·

462 871 554 914 ficis
585 869 752 914 mavult
773 883 870 913 esse
899 883 1050 913 servus
1071 882 1199 924 quam
1225 882 1305 913 rex
1333 869 1524 917 omnium
1553 870 1644 914 vita
1662 869 1977 925 defunctorum,
2004 870 2086 926 XI,
2115 871 2203 916 489
2231 884 2325 927 sqq.
2374 870 2571 915 Posteris
2601 883 2709 916 vero

461 940 730 995 temporibus
758 939 844 981 ista
878 938 1024 994 opinio
1055 938 1195 994 magis
1224 939 1451 994 magisque
1487 939 1661 982 exculta
1690 943 1770 993 est,
1806 943 1855 982 ut
1883 944 1930 981 et
1958 940 2121 983 certior
2156 940 2281 984 fieret
2310 946 2356 984 et
2382 940 2550 985 iustior.
2611 941 2709 995 Qua

458 1011 504 1053 in
523 1025 573 1053 re
594 1011 800 1067 mysteria
818 1014 864 1052 et
879 1009 1147 1065 potissimum
1167 1007 1339 1063 quidem
1360 1006 1531 1052 Cereris
1550 1008 1606 1051 ad
1624 1022 1762 1052 novas
1782 1021 1943 1062 easque
1962 1008 2165 1053 meliores
2183 1010 2384 1054 notiones
2402 1009 2710 1066 perduxerunt.

460 1080 610 1124 Cultus
647 1080 759 1124 enim
791 1079 914 1123 huius
949 1078 1059 1122 deae
1088 1076 1264 1121 multum
1295 1078 1560 1133 sequebatur
1589 1082 1788 1123 naturam
1822 1078 1988 1123 semina
2029 1079 2311 1136 accipientem
2353 1084 2398 1125 et
2428 1080 2574 1138 fruges
2611 1093 2709 1138 pro-

459 1154 692 1193 creantem.
741 1148 847 1191 Vita
877 1151 1020 1191 autem
1046 1151 1229 1190 naturae
1248 1145 1492 1190 hominibus
1519 1146 1636 1191 illius
1666 1147 1824 1191 aetatis
1849 1147 1984 1190 multo
2013 1148 2153 1205 magis
2172 1149 2289 1193 vitae
2317 1149 2529 1194 humanae
2555 1149 2708 1194 similis

458 1220 691 1263 videbatur
719 1231 847 1274 quam
877 1222 1055 1262 nostrae
1086 1216 1237 1261 aetati.
1295 1217 1441 1273 Atqui
1459 1230 1550 1260 non
1578 1217 1776 1276 fugiebat
1810 1230 1958 1262 semen
1992 1222 2138 1262 terrae
2167 1220 2340 1275 quidem
2375 1219 2540 1278 gremio
2576 1219 2706 1265 condi

454 1291 601 1343 ibique
632 1289 827 1342 dissolvi,
863 1289 942 1330 sed
976 1293 1078 1343 post
1110 1292 1277 1329 certum
1305 1287 1513 1344 temporis
1549 1287 1734 1343 spatium
1762 1287 2028 1330 reviviscens
2058 1301 2217 1332 novam
2245 1290 2379 1332 vitam
2411 1290 2626 1345 excolere,
2655 1282 2706 1334 ut

455 1359 641 1412 denique
670 1358 825 1400 floreat
854 1362 898 1399 et
925 1357 1073 1412 fruges
1103 1356 1273 1398 reddat.
1333 1355 1473 1408 Quam
1501 1369 1594 1399 rem
1629 1356 1807 1413 egregie
1836 1369 1956 1399 mens
1988 1356 2256 1400 Graecorum
2294 1358 2510 1414 expressit
2540 1357 2619 1401 illa
2647 1358 2705 1402 de

453 1428 735 1483 Persephone
770 1427 932 1480 fabula,
969 1439 1081 1480 quae
1116 1426 1213 1479 dea,
1250 1439 1278 1468 a
1311 1424 1501 1469 Plutone
1537 1424 1621 1469 deo
1656 1426 1942 1469 subterraneo
1978 1430 2106 1482 rapta
2143 1430 2188 1470 et
2219 1426 2265 1470 in
2300 1440 2480 1484 regnum
2511 1428 2602 1472 eius
2632 1428 2705 1473 ab·

453 1498 597 1551 ducta,
632 1511 659 1540 a
687 1501 825 1540 matre
857 1495 1017 1540 Cerere
1039 1495 1123 1539 dea
1151 1499 1336 1539 naturae
1353 1494 1503 1552 fruges
1531 1499 1792 1552 procreante
1813 1499 1980 1539 maesto
2004 1509 2101 1540 cum
2122 1495 2275 1541 dolore
2295 1497 2540 1553 requiritur,
2560 1498 2702 1544 donec

452 1567 584 1609 Pluto
621 1567 947 1622 Persephonem
988 1569 1156 1621 partem
1199 1564 1302 1607 anni
1342 1564 1387 1607 in
1428 1569 1590 1608 terram
1631 1565 1843 1608 demittat.
1913 1565 2147 1609 Hominem
2188 1580 2308 1622 vero,
2351 1567 2502 1610 eadem
2543 1573 2701 1612 natura

452 1638 658 1692 genitum,
697 1649 825 1690 quum
861 1636 996 1678 semel
1031 1640 1214 1678 mortem
1252 1634 1517 1689 occubuerit,
1551 1634 1597 1677 in
1631 1635 1749 1678 omni
1784 1635 2044 1678 aeternitate
2079 1642 2218 1679 morte
2260 1637 2495 1679 extinctum
2531 1637 2700 1680 teneri?

452 1707 548 1759 Quo
580 1710 742 1762 negato
779 1710 879 1762 post
915 1710 1097 1747 mortem
1132 1704 1266 1746 vitam
1292 1703 1476 1746 hominis
1510 1704 1754 1747 continuari
1789 1705 2052 1759 statuebant,
2085 1710 2134 1748 ut
2167 1709 2256 1748 tum
2284 1711 2329 1749 et
2357 1707 2472 1750 bono
2509 1712 2555 1750 et
2582 1706 2698 1751 malo

449 1790 571 1819 suum
603 1776 757 1830 cuique
784 1774 1061 1818 tribueretur.
1120 1775 1267 1827 Atque
1296 1773 1378 1816 hac
1408 1773 1455 1815 in
1483 1786 1532 1815 re
1561 1786 1726 1816 summa
1754 1773 2000 1816 differentia
2036 1774 2151 1816 inter
2196 1779 2385 1817 aetatem
2417 1775 2697 1819 Homericam

449 1851 492 1889 et
522 1858 633 1900 quae
654 1846 861 1900 sequitur,
884 1845 1002 1900 quod
1020 1848 1198 1901 postero
1220 1847 1430 1900 tempore,
1452 1854 1581 1898 quum
1601 1843 1767 1887 animus
1788 1846 1834 1885 et
1853 1856 2009 1900 corpus
2031 1848 2152 1886 certo
2173 1843 2505 1901 distinguantur,
2529 1844 2696 1888 animus

447 1917 504 1958 ad
521 1916 684 1958 inferos
704 1920 806 1971 post
825 1920 1006 1957 mortem
1035 1914 1266 1969 pervenire
1296 1913 1516 1969 cogitatur
1542 1913 1688 1966 ibique
1718 1926 1773 1954 ex
1802 1912 1894 1954 vita
1922 1913 2053 1955 modo
2083 1918 2263 1969 peracta
2292 1919 2368 1955 aut
2395 1927 2560 1969 poenas
2589 1915 2696 1957 dare

447 1992 522 2028 aut
540 1986 734 2041 praemio
756 1984 883 2026 affici.
943 1983 1205 2026 Huiusmodi
1223 1983 1468 2029 sententiae
1489 1982 1734 2038 complures
1754 1982 1870 2037 apud
1888 1983 2126 2026 Pindarum
2142 1983 2431 2038 inveniuntur,
2462 1984 2534 2037 qui
2562 1988 2696 2040 poeta

445 2054 687 2098 doctrinam
715 2053 890 2097 illorum
923 2051 1225 2109 mysteriorum
1260 2051 1376 2095 haud
1404 2050 1657 2108 ignorabat3
1698 2050 1955 2108 praesertim
1989 2051 2035 2094 in
2065 2050 2335 2109 fragmentis,
2369 2064 2480 2107 quae
2515 2052 2570 2095 de
2605 2063 2697 2096 ear-

445 2124 628 2167 minibus
658 2123 913 2180 lugubribus
944 2126 1186 2177 supersunt,
1224 2133 1335 2176 quae
1364 2120 1601 2177 pleraeque
1631 2134 1655 2164 e
1684 2125 1779 2165 toto
1810 2134 2010 2165 connexu
2038 2121 2193 2165 avulsa
2221 2122 2454 2164 difficulter
2484 2122 2693 2179 explicari

448 2202 642 2251 possunt.
708 2197 830 2238 Inter
848 2208 896 2237 se
933 2197 1210 2249 opponuntur
1245 2206 1402 2248 corpus
1438 2196 1484 2234 et
1515 2192 1694 2247 animus,
1731 2196 1779 2234 ut
1807 2196 2036 2246 utrumque
2071 2205 2151 2248 per
2186 2205 2234 2235 se
2264 2191 2435 2246 existat,
2471 2192 2516 2234 in
2550 2193 2632 2249 frg.
2662 2193 2692 2237 2

449 2264 516 2307 ed.
549 2263 623 2306 alt.
657 2263 896 2306 Teubner.:

939 2336 1004 2371 καῖ
1031 2334 1146 2383 σῶμα
1172 2333 1246 2382 μὲν
1275 2330 1432 2372 πάντων
1459 2334 1595 2371 ἕπεται
1623 2328 1786 2383 θανάτῳ
1816 2332 2059 2384 περισθενεῖ,

939 2399 1039 2449 ζωόν
1067 2398 1175 2442 δ’ἔτι
1204 2402 1379 2442 λείπεται
1407 2400 1551 2450 αἰῶνος
1577 2398 1754 2442 adustor-
1782 2398 1828 2441 τό
1853 2398 1930 2455 γάρ
1944 2397 2022 2441 ἐστι
2035 2398 2159 2452 μόνον

936 2468 977 2510 ἔκ
1005 2471 1132 2510 θεῶν’

589 2538 752 2581 εἴδωλον
787 2552 935 2583 vocem
971 2539 1055 2582 hoc
1088 2539 1189 2582 loco
1225 2538 1358 2595 longe
1394 2537 1482 2582 alio
1519 2550 1654 2587 sensu
1692 2538 1890 2582 adhiberi
1927 2550 2050 2594 quam
2095 2537 2211 2594 apud
2245 2537 2475 2580 Homerum
2515 2537 2598 2580 iam
2631 2549 2688 2581 ex

442 2612 612 2655 ratione
632 2611 806 2653 adiecta
816 2614 1011 2666 apparet.
1039 2609 1308 2652 Felicitatem
1322 2613 1461 2652 autem
1475 2608 1635 2651 animus
1650 2607 1932 2664 amplectitur,
1954 2608 2028 2664 qui
2039 2608 2120 2651 iam
2131 2607 2178 2650 in
2189 2606 2282 2650 vita
2296 2600 2457 2650 certam
2474 2606 2685 2661 quandam

441 2682 662 2726 scientiam
691 2695 830 2724 rerum
857 2681 1089 2723 futurarum
1120 2681 1333 2724 habuerit.
1392 2679 1511 2723 Dicit
1539 2678 1648 2722 enim
1676 2679 1759 2734 frg.
1789 2679 1836 2723 8:

1054 2748 1214 2802 Ὄλβιος
1243 2748 1347 2799 ὅστις
1374 2746 1473 2790 ἰδών
1500 2746 1635 2789 ἐκεῖνα
1663 2749 1799 2788 κοίλαν

1049 2818 1145 2860 εἶσιν
1171 2816 1250 2860 ὑπό
1274 2818 1427 2872 χθόνα·
1456 2816 1560 2859 οἶδεν
1587 2819 1659 2870 μὲν
1685 2817 1820 2871 βιότου
1848 2817 2043 2868 τελευτάν,

1050 2887 1154 2929 οἶδεν
1182 2887 1223 2929 δὲ
1251 2887 1453 2929 &moderor
1480 2885 1614 2942 ἀρχάν.

522 2961 739 3003 Gravibus
768 2964 906 3002 autem
944 2958 1204 3013 argumentis
1242 2957 1461 3000 sententia
1496 2957 1550 2998 de
1580 2956 1759 2998 hominis
1796 2955 2115 3000 immortalitate
2143 2969 2223 3011 per
2249 2953 2475 2998 Platonem
2505 2955 2680 3010 demum,
2759 3015 2766 3018 q

434 3030 631 3087 imprimis
666 3029 710 3073 in
744 3028 974 3086 praeclaro
1010 3026 1088 3070 illo
1125 3039 1271 3083 opere,
1309 3026 1427 3081 quod
1453 3025 1704 3070 inscribitur
1735 3025 1929 3082 Phaedo,
1965 3024 2252 3071 confimatur.
2315 3023 2404 3070 Sed
2433 3035 2683 3081 quamquam

433 3104 686 3156 argumenta
713 3105 796 3142 tam
818 3103 939 3142 arcte
966 3098 1081 3140 inter
1108 3109 1155 3139 se
1185 3096 1435 3150 cohaerent,
1466 3100 1515 3138 ut
1534 3095 1652 3138 aliud
1672 3095 1760 3139 alio
1790 3096 1943 3140 fultum
1972 3096 2170 3139 maiorem
2199 3094 2280 3137 vim
2312 3094 2510 3152 accipiat,
2538 3098 2682 3137 tanen

430 3171 526 3225 ipse
560 3169 843 3224 philosophus
880 3169 963 3210 sibi
999 3167 1198 3210 conscius
1234 3172 1303 3210 est
1334 3165 1692 3209 immortalitatem
1736 3180 1833 3210 esse
1867 3166 2018 3221 locum,
2057 3178 2178 3220 quem
2219 3164 2488 3209 humanarum
2523 3163 2674 3208 virium

430 3239 704 3283 imbecillitas
735 3244 892 3281 certum
925 3238 1278 3293 exploratumque
1297 3237 1487 3293 probare
1516 3234 1638 3280 nullo
1658 3236 1784 3280 modo
1804 3237 1956 3293 possit.
2014 3236 2141 3281 Licet
2167 3234 2241 3291 pio
2260 3233 2510 3292 philosophi
2536 3231 2674 3291 ipsius
