2921 3526
466 318 731 378 grav-issima
761 318 1004 363 communia
1035 323 1153 374 sunt3
1185 331 1270 374 quo
1300 316 1360 372 fit,
1384 322 1432 362 ut
1459 318 1515 362 ad
1543 322 1738 362 veterum
1756 315 1984 373 religionis
2014 318 2237 375 propriam
2256 320 2342 364 vim
2370 323 2500 377 atque
2519 324 2718 381 naturam
2787 288 2872 358 ⁵³²⁸?

468 389 816 446 perspiciendam
849 386 1030 432 alterius
1064 387 1213 444 populi
1242 387 1468 443 religionis
1498 386 1691 444 cognitio
1720 385 1979 443 suppeditet.
2041 386 2180 439 Quum
2199 387 2284 432 iam
2306 389 2467 434 Graeci
2484 388 2540 433 de
2558 387 2718 434 nofitia
2754 400 2755 403 ’
2785 408 2792 415 ·

464 459 642 500 deorum
662 457 990 513 divinarumque
1009 470 1153 500 rerum
1184 456 1425 499 excolenda
1445 468 1715 512 summopere
1731 456 1872 497 meriti
1892 455 1992 509 sint,
2024 456 2131 499 satis
2161 462 2240 512 est,
2274 470 2385 513 quae
2410 458 2454 501 hi
2474 458 2529 501 de
2555 457 2714 503 divinis

462 528 591 568 rebus
612 527 872 579 sentiebant,
893 528 922 568 J
927 528 1163 568 udaeorum
1184 526 1387 580 religioni
1414 537 1650 580 opponere.
1699 524 1804 566 Tria
1824 529 1966 565 autem
1987 525 2110 578 quasi
2130 526 2300 581 signnm
2318 528 2560 583 imprimffle
2580 526 2715 570 Grae·

464 610 609 639 corum
640 594 846 650 religioni
876 608 1053 649 censeo3
1098 594 1294 649 primum,
1333 593 1449 647 quod
1483 606 1562 648 per
1580 597 1820 648 temporum
1849 593 2075 635 decursum
2104 594 2250 637 varias
2286 596 2522 639 sententias
2553 607 2714 650 easque

463 664 690 708 maximam
704 669 872 720 partem
892 665 1172 707 vehementer
1192 662 1488 717 discrepantes
1510 662 1750 717 constituit3
1783 661 1954 715 deindo,
1984 662 2102 717 quod
2132 663 2280 708 divina
2304 666 2480 709 numina
2507 663 2712 722 proponit
2759 681 2762 685 ·

463 733 704 789 complura;
745 734 945 789 denique,
977 733 1098 788 quod
1135 732 1348 774 hominem
1379 731 1433 773 de
1464 731 1713 774 conditione
1749 736 1850 787 post
1883 732 1994 774 hanc
2024 731 2157 774 vitam
2185 733 2326 777 futura
2355 734 2563 778 incertum
2591 734 2708 778 facit.

463 805 529 846 Ex
561 802 781 845 contrario
803 803 1076 845 Judaeorum
1105 801 1260 856 religio
1291 813 1370 855 per
1400 812 1548 842 omnes
1581 805 1748 842 aetates
1779 800 1997 843 doctrinas
2028 801 2162 843 semel
2192 804 2450 847 constitutas
2479 804 2637 846 retinet
2663 807 2710 846 et

462 873 616 914 iterum
637 876 767 925 atquc
789 872 944 914 iterum
963 886 1094 913 unum
1116 884 1211 913 esse
1234 871 1360 913 deum
1381 871 1512 912 docet
1532 876 1577 911 et
1596 874 1756 911 sortem
1787 869 1968 911 hominis
1987 874 2088 925 post
2107 875 2288 913 mortem
2308 872 2493 915 futuram
2513 877 2708 928 apertam

463 950 565 988 ante
597 946 751 989 oculos
782 944 920 1000 ponit.
969 940 1059 985 Alii
1088 955 1193 983 sane
1224 941 1301 983 has
1332 954 1402 982 res
1426 939 1578 982 melius
1608 945 1652 981 et
1678 953 1732 981 ex
1754 938 1950 981 omnibus
1970 940 2179 993 partibus,
2210 947 2414 994 quantum
2436 942 2528 985 fieri
2547 946 2704 998 potest,

463 1014 693 1070 discriptas
726 1012 1025 1069 exposuerint,
1078 1009 1276 1063 equidem
1307 1008 1414 1054 satis
1444 1008 1600 1051 fecisse
1636 1006 1739 1049 mihi
1769 1007 1922 1049 videor
1957 1021 2010 1050 ea
2045 1007 2308 1063 complexus,
2346 1024 2456 1065 quae
2491 1024 2570 1066 pro
2600 1011 2706 1054 meis

463 1083 634 1125 auxiliis
666 1083 780 1125 haud
808 1082 871 1123 ita
901 1079 1044 1122 multis
1075 1078 1272 1121 consenc
1300 1077 1422 1133 potui
1453 1089 1648 1133 quaeque
1680 1076 1736 1117 ad
1765 1075 1957 1118 scholam
1988 1081 2093 1132 apta
2128 1076 2339 1120 videntur.

604 1153 670 1194 Ac
692 1150 871 1206 primum
891 1148 1063 1204 quidem
1090 1147 1288 1190 Graecae
1310 1146 1537 1202 religionis
1559 1144 1779 1188 doctrinas
1801 1157 1971 1200 semper
1991 1128 2317 1189 commutationi
2338 1148 2551 1191 obnoxias
2572 1121 2705 1191 fuisse

463 1221 574 1274 dico,
606 1226 653 1262 ut
684 1219 813 1261 v·a1iis
844 1217 1109 1272 temporibus
1140 1216 1288 1258 variae
1318 1215 1478 1258 fuerint
1508 1215 1732 1270 opiniones
1755 1218 1883 1268 atquc
1904 1214 2160 1257 sententiae.
2222 1215 2317 1267 Qua
2345 1217 2390 1260 in
2419 1231 2467 1260 re
2493 1218 2704 1261 neminem

466 1296 583 1332 certe
614 1289 733 1343 fugit,
772 1292 1041 1341 quantopere
1073 1286 1275 1328 differant
1311 1299 1375 1338 ea,
1408 1298 1517 1338 quac
1548 1283 1743 1326 homines
1773 1283 2035 1326 Homericae
2072 1285 2229 1327 aetatis
2267 1286 2321 1329 de
2351 1286 2432 1329 diis
2463 1291 2701 1342 senserunt,

463 1374 488 1402 a
533 1357 886 1414 cogitationibus,
928 1370 1035 1411 quas
1074 1355 1236 1397 Graeci
1278 1359 1474 1409 tempore
1509 1352 1708 1396 Platonis
1752 1358 1796 1396 et
1832 1353 2084 1396 Aristotelis
2127 1354 2377 1410 exploratas
2420 1361 2464 1400 et
2505 1357 2702 1413 cognitas

462 1428 716 1470 habuerunt.
776 1425 958 1469 Homeri
990 1424 1101 1466 enim
1132 1422 1350 1478 aequales,
1390 1436 1474 1477 qua
1500 1422 1648 1465 indole
1679 1426 1815 1474 erant,
1853 1422 1958 1464 deos
1989 1422 2117 1465 aliter
2151 1423 2315 1479 fingere
2350 1439 2438 1468 non
2472 1430 2704 1481 potuerunt

462 1510 588 1550 quam
610 1495 826 1537 hominum
848 1493 997 1549 figuris
1019 1498 1063 1535 et
1084 1493 1257 1535 actione
1274 1492 1391 1533 vitae
1422 1496 1552 1545 atque
1572 1490 1726 1532 mentis
1748 1490 1988 1545 agitatione
2004 1490 2190 1533 humana
2208 1493 2442 1547 praeditos.
2488 1494 2630 1545 Quare
2646 1494 2700 1537 ab

462 1565 655 1606 Homero
698 1577 794 1607 cum
835 1575 1019 1618 corpore
1061 1562 1246 1603 humano
1284 1560 1365 1603 diis
1410 1559 1536 1603 simul
1577 1559 1869 1601 attribuuntur
1903 1572 1990 1601 non
2031 1560 2172 1602 solum
2209 1561 2467 1615 cupiditates
2515 1562 2700 1605 omnium

463 1646 610 1676 earum
630 1646 786 1685 rerum,
819 1643 931 1686 quae
948 1630 1003 1673 ad
1024 1643 1180 1686 corpus
1202 1629 1497 1673 sustinendum
1512 1624 1763 1672 necessaria
1781 1632 1892 1682 sunt,
1914 1628 1991 1671 sed
2007 1628 2138 1671 etiam
2159 1628 2303 1672 omnia
2318 1641 2372 1672 ea
2387 1630 2505 1684 vitia,
2528 1630 2700 1685 quaein

462 1702 704 1744 hominibus
733 1700 1124 1756 deprehenduntur.
1195 1698 1420 1741 Notissimi
1449 1702 1549 1740 sunt
1578 1696 1665 1740 loci
1702 1710 1756 1740 ex
1785 1697 2031 1740 Homericis
2067 1697 2340 1753 carminibus,
2378 1699 2530 1754 quibus
2563 1699 2623 1742 dii
2656 1705 2700 1743 et

464 1785 618 1815 somno
656 1769 847 1813 recreari
885 1770 1085 1812 dicuntur
1120 1772 1165 1809 et
1201 1768 1299 1810 cibo
1332 1772 1461 1822 atque
1496 1764 1602 1822 potu
1633 1779 1776 1823 egere,
1813 1767 2007 1822 quamvis
2038 1780 2186 1809 eorum
2222 1767 2363 1810 victus
2397 1768 2531 1812 multo
2560 1769 2698 1826 magis

462 1843 519 1884 sit
554 1840 695 1883 tenuis
734 1854 861 1894 quam
895 1839 1125 1881 hominum.
1207 1838 1344 1888 Quam
1382 1837 1707 1879 vehementibus
1742 1842 1887 1879 autem
1924 1837 2223 1879 affectionibus
2260 1838 2319 1879 dii
2352 1844 2697 1893 permoveantur,

462 1912 562 1953 inde
592 1909 797 1965 imprimis
825 1908 1023 1963 intellegi
1037 1911 1195 1963 potest,
1228 1907 1344 1961 quod
1374 1905 1623 1949 vulneribus
1640 1906 1830 1961 acceptis
1861 1918 2131 1961 summopere
2151 1905 2303 1949 dolent
2332 1910 2377 1949 ct
2393 1907 2509 1961 quod
2529 1907 2696 1962 heroes,

463 1982 616 2036 quibus
637 1994 725 2022 non
745 1979 904 2032 favent,
943 1991 1037 2021 cum
1057 1977 1123 2019 ira
1151 1981 1194 2019 et
1230 1976 1372 2018 studio
1407 1975 1563 2018 infeste
1592 1980 1923 2030 prosequuntur.
1986 1975 2097 2028 Quin
2118 1975 2247 2018 etiam
2273 1989 2326 2018 eo
2346 1977 2696 2032 perturbationes

463 2056 508 2093 et
539 2049 791 2092 affectiones
820 2048 1043 2099 accedunt,
1075 2051 1122 2088 ut
1147 2059 1201 2088 ne
1222 2046 1335 2087 inter
1355 2058 1402 2087 se
1440 2045 1610 2099 quidem
1641 2044 1805 2087 invidia
1834 2044 1996 2087 liberos
2024 2057 2121 2087 sese
2151 2045 2395 2088 exhibeant.
2429 2073 2435 2077 -
2461 2046 2557 2097 Qua
2577 2047 2630 2089 de
2647 2059 2696 2089 re

461 2120 573 2162 bene
613 2117 780 2171 Cicero,
818 2115 891 2171 qui
925 2116 969 2158 in
1005 2115 1117 2158 libro
1155 2115 1208 2157 de
1245 2115 1363 2157 deor.
1401 2119 1491 2157 nat.
1536 2113 1570 2168 I,
1609 2114 1662 2158 16
1698 2113 1956 2170 Epicureum
1991 2113 2206 2158 Velleium
2241 2119 2395 2171 poetas
2429 2115 2695 2160 incusantem

461 2189 578 2241 facit,
610 2187 727 2241 quod
762 2187 828 2227 ira
861 2185 1148 2226 inflammatos
1183 2189 1226 2225 et
1260 2183 1438 2224 libidine
1472 2183 1662 2225 furentes
1691 2184 1939 2225 induxerint
1967 2183 2092 2238 deos;
2129 2184 2306 2226 eosdem
2339 2189 2493 2240 poetas
2527 2185 2694 2239 fecisse,

463 2263 509 2299 ut
538 2257 712 2298 illorum
742 2255 872 2308 bella,
902 2254 1084 2310 proelia,
1111 2267 1293 2308 pugnas,
1322 2252 1504 2294 vulnera
1534 2252 1727 2294 homines
1757 2253 1967 2306 viderent,
2000 2253 2101 2295 odia
2120 2259 2360 2308 praeterea,
2393 2253 2586 2307 discidia,
2615 2254 2696 2296 dis-

462 2324 648 2378 cordias,
681 2328 814 2378 ortus,
845 2323 1057 2377 interitus,
1089 2321 1320 2378 querellas,
1349 2320 1696 2375 lamentationes,
1729 2321 1885 2365 effusas
1904 2321 1948 2364 in
1978 2322 2094 2365 omni
2119 2321 2451 2378 intemperantia
2480 2321 2693 2378 libidines,

462 2395 689 2449 adulteria,
720 2393 905 2448 vincula,
937 2407 1033 2436 cum
1062 2393 1248 2434 humano
1279 2404 1439 2448 genere
1470 2390 1723 2432 concubitus
1753 2390 2045 2446 mortalesque
2078 2403 2132 2433 ex
2160 2390 2394 2433 immortali
2423 2396 2691 2448 procreatos.

463 2467 666 2509 Forsitan
696 2466 815 2508 dicas
851 2464 958 2507 talia
991 2477 1080 2506 non
1111 2464 1340 2505 admodum
1370 2475 1527 2516 magno
1559 2461 1616 2504 ad
1644 2461 1991 2515 persuadendum
2016 2467 2234 2504 momento
2261 2474 2370 2515 esse,
2402 2462 2562 2517 quippe
2580 2476 2693 2517 quae

461 2537 506 2579 in
536 2534 726 2580 carmine
758 2533 881 2590 epico
913 2537 1169 2577 enarrentur
1201 2546 1281 2588 pro
1320 2530 1499 2575 arbitrio
1535 2533 1693 2587 poetae
1729 2529 1994 2586 excogitata.
2060 2529 2149 2575 Sed
2183 2530 2354 2574 etiamsi
2389 2530 2586 2587 singulae
2621 2545 2691 2577 res

461 2604 723 2647 narrationis
755 2602 928 2660 poetica
961 2600 1138 2645 licentia
1171 2601 1446 2644 inveniuntur
1476 2604 1520 2644 et
1555 2600 1852 2656 disponuntur,
1895 2604 2039 2644 tamen
2061 2601 2106 2643 in
2137 2613 2190 2643 eo
2211 2600 2399 2643 maxima
2425 2600 2561 2644 virtus
2583 2600 2693 2657 epici

461 2679 620 2730 poetae
641 2673 848 2727 cernitur,
869 2671 985 2727 quod
1003 2671 1048 2715 in
1065 2670 1246 2728 singulis
1268 2670 1577 2714 commenticiis
1596 2670 1724 2713 rebus
1746 2682 1872 2725 quam
1892 2670 2215 2714 accuratissime
2234 2669 2475 2714 imitatione
2495 2663 2694 2727 exprimit

461 2749 591 2798 atque
612 2742 790 2797 profert,
822 2754 932 2795 quae
953 2746 1053 2783 sunt
1073 2754 1127 2782 ex
1146 2745 1288 2782 mente
1309 2740 1400 2782 eius
1421 2740 1578 2795 gentis,
1607 2739 1726 2782 cuius
1745 2739 1839 2794 ipse
1859 2744 1937 2782 est.
1998 2740 2136 2791 Quam
2158 2741 2214 2782 ob
2232 2753 2324 2782 rem
2343 2753 2455 2794 quae
2473 2740 2691 2784 Homerus

459 2812 574 2854 inter
604 2810 866 2853 narrandum
895 2809 949 2851 de
979 2809 1135 2851 divinis
1164 2809 1293 2851 rebus
1322 2808 1573 2863 interponit,
1599 2821 1688 2850 non
1718 2808 1846 2850 modo
1877 2821 1965 2851 non
1993 2808 2135 2852 futilia
2157 2808 2443 2851 existimanda
2471 2812 2582 2863 sunt,
2612 2810 2690 2853 sed

459 2894 514 2924 ne
546 2879 818 2936 cognitiones
848 2878 1019 2933 quidem
1048 2878 1171 2921 unius
1202 2882 1367 2921 tantum
1397 2876 1594 2931 hominiS,
1620 2890 1769 2920 verum
1796 2877 1930 2921 totius
1961 2878 2131 2922 aetatis.

606 2950 801 2993 Summus
822 2948 955 3003 igitur
976 2952 1042 2991 est
1062 2961 1185 2990 error
1213 2952 1342 3002 atque
1362 2947 1642 2990 maximarum
1661 2959 1804 2990 rerum
1822 2947 2056 3003 ignoratio,
2086 2948 2201 2991 unde
2223 2946 2491 2991 Graecorum
2518 2946 2689 3004 religio,

460 3025 666 3075 quantum
697 3032 752 3061 ex
782 3017 953 3073 scriptis
990 3030 1102 3060 nunc
1145 3016 1352 3071 videmus,
1390 3016 1557 3059 initium
1587 3016 1715 3072 cepit.
1777 3015 1952 3060 Certum
1985 3030 2090 3061 sane
2120 3022 2200 3071 est,
2234 3016 2482 3072 priusquam
2512 3016 2691 3062 deorum

459 3089 649 3132 societas
670 3087 733 3130 ita
753 3086 809 3130 ad
829 3086 1037 3129 humanas
1066 3085 1336 3129 conditiones
1358 3084 1643 3129 accomodata
1672 3085 1814 3129 animo
1835 3086 2070 3130 obversata
2099 3091 2177 3142 est,
2208 3084 2341 3141 longe
2370 3084 2480 3128 alius
2508 3089 2690 3131 naturae

458 3160 566 3202 deos
598 3157 740 3201 cultos
770 3169 881 3200 esse.
934 3155 1017 3208 Qui
1046 3154 1198 3210 quales
1217 3155 1388 3209 fuerint,
1417 3155 1598 3197 videant
1615 3155 1703 3209 alii,
1734 3168 1862 3210 quum
1882 3156 1937 3199 de
1964 3157 2046 3199 hac
2064 3168 2113 3199 re
2143 3154 2387 3199 coniciendi
2405 3154 2689 3210 amplissimus

457 3230 580 3272 locus
610 3232 773 3285 pateat.
836 3227 1009 3280 Quanto
1048 3230 1190 3269 autem
1220 3224 1372 3268 labore
1408 3224 1604 3269 constitit
1631 3224 1707 3268 ille
1737 3237 2008 3281 progressus,
2046 3239 2173 3282 quem
2209 3222 2370 3269 Graeci
2393 3222 2439 3267 in
2466 3223 2690 3281 religionis
