2921 3526
1181 185 1387 196 ..ι-...Μ-

32 239 56 297 ὶ)
76 243 93 269 ⁵
136 243 138 245 K
160 273 316 326 anino
345 269 638 315 inmortalitas
669 272 829 311 certum
858 268 1071 322 quoddam
1101 267 1243 323 fuerit,
1273 279 1397 323 quam
1424 269 1607 326 exiguus
1634 269 1716 312 fuit
1743 282 1939 313 numerus
1970 283 2129 325 eorum,
2159 268 2233 325 qui
2259 269 2336 325 ita,
2365 273 2414 313 ut

176 327 269 392 eius
302 339 521 383 sententia
551 337 606 379 iis
640 336 914 391 probaretur,
949 341 1203 391 argumenta
1236 336 1540 392 philosophica
1582 337 1721 380 animo
1760 338 2194 393 comprehenderunt!
2237 337 2412 394 Vulgus

139 429 143 433 ·
173 397 473 466 imperitorum
487 404 604 448 illam
632 401 886 447 imbecillam
916 407 1046 458 atque
1073 403 1279 447 incertam
1307 404 1587 460 antiquissimi
1615 405 1816 461 temporis
1837 405 2080 461 opinionem
2099 404 2316 450 retinebat
2335 409 2413 450 aut

173 477 282 522 nihil
315 477 371 520 de
405 487 461 518 ea
499 485 548 517 re
580 473 810 520 sentiebat.
882 471 1046 515 Postea
1088 472 1214 515 etiam
1247 485 1275 515 a
1308 472 1578 530 philosophis
1618 473 1911 518 immortalitas
1952 478 2117 530 negata
2157 479 2237 518 est.
2309 476 2409 519 Jam

172 542 459 591 Aristotelem
488 545 662 584 coustat
677 540 842 584 animos
872 539 1139 596 singulorum
1158 540 1387 595 hominum,
1425 555 1551 596 quum
1570 541 1616 584 in
1629 541 1875 585 universum
1893 541 2100 595 redirent,
2130 554 2227 585 esse
2243 542 2411 586 immor·

173 612 286 659 tales
314 622 517 667 negasse.
576 608 716 654 Stoici
748 621 869 664 vero,
904 609 1272 654 immortalitatem
1306 609 1351 652 in
1382 622 1436 652 ea
1462 622 1511 653 re
1539 610 1775 666 ponebant,
1812 609 1930 665 quod
1957 609 2175 653 hominum
2202 611 2408 654 memoria

173 681 291 740 apud
307 684 509 737 posteros
529 677 759 721 coleretur.
797 678 936 729 Deest
953 678 1086 734 igitur
1102 678 1425 721 fundamentum
1443 679 1678 734 tranquille
1697 680 1910 734 beateque
1929 678 2117 733 vivendi,
2144 691 2229 733 quo
2248 680 2407 722 Judaei

172 749 407 796 utebantur
434 746 662 791 credentes
690 751 793 804 post
820 747 932 791 hanc
959 748 1092 791 vitam
1120 761 1279 791 novam
1309 761 1488 803 eamque
1518 749 1758 792 beatiorem
1787 749 1894 792 fore.
1945 747 2074 791 Cuius
2100 747 2167 791 rei
2189 748 2406 792 tristitiam

173 825 221 866 et
247 817 530 863 acerbitatem
558 823 647 861 tum
668 817 837 862 demum
865 822 984 861 recte
1004 816 1334 874 intellegenues,
1364 831 1492 872 quum
1521 817 1682 862 amoris
1700 818 1936 872 notionem,
1967 831 2052 873 quo
2078 817 2184 862 deus
2212 817 2405 875 singulos

173 882 367 934 homines
402 887 701 944 amplectatur,
738 894 783 931 et
819 888 1062 931 sanctitatis
1093 887 1382 942 iustitiaeque,
1419 901 1503 941 qua
1536 887 1803 944 singulorum
1840 889 2036 931 actiones
2072 888 2226 932 merito
2261 902 2403 944 prose·

174 960 341 1016 quatur,
377 969 529 1014 parum
558 956 826 1002 Graecorum
861 956 1014 1002 animis
1048 956 1255 1001 imbutam
1280 955 1413 1000 fuisse
1449 956 1883 1015 consideraverimus3
1920 957 2028 1002 deus
2059 957 2172 1002 enim
2201 970 2290 1003 non
2318 961 2406 1003 tam

171 1028 227 1073 de
255 1025 523 1085 singulorum
551 1025 706 1082 salute,
742 1040 870 1083 quam
899 1027 954 1071 de
981 1040 1030 1071 re
1049 1025 1225 1084 publica
1252 1026 1454 1069 universa
1483 1039 1636 1071 curare
1656 1027 1886 1084 cogitatur,
1916 1031 1964 1070 ut
1987 1039 2035 1071 re
2055 1026 2230 1084 publica
2253 1039 2408 1072 eversa

171 1098 233 1142 dii
252 1097 494 1140 abscedant
512 1096 794 1152 singulosque
814 1098 976 1139 auxilio
997 1097 1248 1139 destituant.
1289 1096 1433 1147 Quare
1455 1110 1531 1139 cur
1542 1098 1588 1138 in
1606 1099 1737 1140 rebus
1759 1097 1955 1139 adversis
1975 1097 2107 1151 plane
2121 1097 2405 1152 desperas-int,

172 1166 325 1211 mirum
357 1178 446 1210 non
489 1170 568 1221 est,
609 1164 731 1209 velut
761 1165 984 1222 Theognis
1019 1164 1120 1209 loco
1163 1164 1349 1221 quodam
1385 1164 1604 1209 liberrime
1644 1165 1874 1223 profitetur
1908 1160 2114 1222 optimum
2152 1164 2407 1222 contingere

171 1250 389 1292 nunquam
412 1236 548 1291 nasci,
578 1236 646 1279 sin
676 1240 819 1279 autem
851 1236 978 1279 homo
1004 1239 1145 1290 natus,
1175 1249 1303 1290 quam
1333 1233 1556 1279 celerrime
1585 1235 1709 1280 mori.
1765 1235 2033 1291 Quamquam
2059 1235 2195 1292 igitur
2219 1240 2265 1279 et
2292 1236 2408 1292 apud

26 1329 30 1332 -
103 1339 108 1345 .
171 1304 368 1351 Judaeos
398 1308 444 1348 et
477 1304 592 1361 apud
621 1304 817 1348 Graecos
847 1304 901 1347 de
930 1303 1254 1347 immortalitate
1282 1304 1498 1347 sententia
1531 1304 1587 1347 ab
1605 1304 1730 1346 initio
1759 1316 1910 1360 parum
1939 1303 2119 1347 definita
2145 1307 2225 1359 est,
2261 1307 2408 1347 tamen

171 1373 218 1418 id
251 1373 483 1418 discrimen
517 1373 789 1417 manifestum
817 1372 1060 1428 intercedit,
1098 1373 1215 1428 quod
1244 1372 1360 1429 apud
1388 1372 1582 1416 Judaeos
1616 1372 1836 1417 sententia
1869 1372 2003 1416 semel
2034 1371 2209 1417 exculta
2243 1376 2408 1417 certam

173 1443 476 1489 auctoritatem
518 1443 688 1486 obtinet
729 1447 774 1486 et
814 1443 1030 1486 hominem
1071 1442 1125 1485 de
1160 1442 1314 1484 futuris
1349 1447 1594 1498 sperantem
1635 1443 1759 1499 facit,
1805 1443 1920 1499 apud
1956 1442 2153 1485 Graecos
2189 1455 2407 1498 nunquam

172 1514 408 1558 communis
437 1513 554 1557 facta
584 1517 652 1557 est
680 1517 726 1556 et
754 1513 892 1569 magis
917 1513 1114 1568 quaestio
1144 1511 1445 1569 philosophica
1479 1525 1605 1568 quam
1642 1513 1786 1556 ethica
1814 1516 2039 1555 tractatur.
2071 1535 2127 1543 —

1897 1638 1986 1695 Dr.
2028 1638 2198 1695 Stoln.
